2776 4980
603 358 777 451 -78-

176 502 293 591 Regula
303 503 349 570 ll.
371 504 494 590 Quoties
510 517 610 570 auum
620 506 745 592 septima
754 526 857 571 oerrm
872 503 990 592 syllaba
1004 517 1047 570 est
1062 504 1259 592 paenultima

130 619 307 706 paroxytoni
314 617 450 683 vocabuli
463 615 574 706 (bine,
588 616 693 707 talto),
711 619 822 685 ultima
834 617 926 702 buius
933 617 1073 684 vocabuli
1087 617 1209 707 syllaba
1224 620 1258 685 in

132 732 289 798 secunlum
303 731 518 799 hemistichium
533 733 649 800 incidit.

129 846 278 934 Exempla
299 869 307 915 :
328 844 401 912 Bele
420 845 514 913 dame
526 844 595 913 bele
607 865 640 914 er
654 845 732 914 blon
747 883 792 896 -
814 843 854 914 de
866 845 1013 915 l’aloe...

333 959 384 1027 Or
402 962 495 1028 amis
506 985 547 1028 en
559 959 642 1028 molt
658 979 751 1050 grant
764 961 808 1049 joi
822 997 866 1009 -
880 984 898 1028 e
912 983 993 1027 mon
1006 963 1107 1049 pensb
1122 973 1132 1002 ¹

781 1073 873 1164 (Nic.
890 1076 994 1157 Mus„
1007 1102 1040 1143 v.
1055 1079 1089 1157 6,
1112 1075 1188 1164 10.)

174 1214 318 1281 Tertiam
341 1212 485 1301 regulam
511 1215 618 1302 posuit
642 1215 784 1302 jeanroy
810 1211 873 1303 (op.
900 1217 968 1297 cit,
998 1237 1032 1303 p.
1061 1214 1161 1304 343),
1202 1217 1260 1283 vel

132 1329 249 1416 potius,
266 1346 301 1395 ut
318 1330 447 1415 opinor,
468 1327 572 1394 finxit.
593 1327 734 1395 Temere
748 1329 836 1395 enim
859 1329 1012 1416 scripsit:
1033 1355 1051 1390 a
1074 1330 1199 1397 Accidit
1220 1344 1258 1397 ut

129 1440 248 1529 syllaba
258 1444 373 1523 insana,
394 1464 469 1530 quac
479 1443 635 1529 septimam
652 1456 828 1532 acutamque
840 1466 943 1510 varus
958 1441 1107 1532 syllabam
1114 1447 1259 1533 proximu

130 1558 275 1644 sequitur,
297 1558 330 1621 in
344 1580 466 1622 nanum
476 1554 676 1645 syllabarum,
695 1570 790 1645 utpote
801 1571 1030 1646 superuacanea,
1047 1581 1107 1625 non
1133 1572 1258 1648 compu-

132 1683 220 1736 tetur.
247 1694 264 1731 »
285 1707 329 1718 -
348 1672 444 1759 Ergo,
459 1671 485 1736 si
504 1672 533 1737 ei
548 1668 733 1752 credideris,
753 1669 869 1739 eadem
883 1670 1009 1739 licentia
1024 1671 1133 1761 lyricis
1147 1676 1257 1763 poetis

132 1805 180 1852 est
195 1808 356 1865 concessa,
374 1807 437 1874 qua
450 1786 531 1872 epici
549 1783 734 1853 utebantur.

177 1900 277 1985 Cujus
287 1901 387 1966 mirae
399 1898 527 1988 regulae
541 1923 608 1967 non
617 1898 688 1989 plus
698 1923 795 1990 quam
808 1901 868 1967 tria
881 1899 1028 1990 exempla
1042 1903 1253 1986 memoravit,

131 2015 279 2101 quamvis
297 2032 456 2080 trecentos
471 2035 580 2082 versus
594 2013 818 2102 exploraverit,
839 2014 962 2082 scilicet
980 2037 989 2084 :

181 2126 215 2217 1)
236 2129 311 2195 Las!
329 2149 389 2216 por
406 2129 458 2194 coi
476 2151 527 2195 me
539 2127 595 2196 fait
607 2127 636 2194 la
650 2125 756 2216 be(le)
770 2165 814 2176 —
825 2126 870 2195 tel
885 2127 948 2195 mal
960 2129 1123 2196 sentiri...

967 2240 1053 2331 (Sub.
1070 2244 1113 2326 Π,
1131 2242 1185 2333 6.)

175 2355 212 2443 2)
236 2357 276 2423 Et
288 2357 315 2424 si
328 2378 381 2422 me
395 2353 479 2423 diras
498 2353 632 2444 ace(le)
650 2393 692 2404 -
711 2357 768 2445 qui
784 2355 849 2423 m’a
862 2365 979 2423 trais...

892 2469 946 2558 (B.
963 2472 1063 2553 Rom„
1080 2473 1107 2551 1,
1126 2470 1184 2560 52)

171 2653 195 2689 1.
215 2636 285 2690 Huic
300 2635 535 2707 hendecasyllabos
547 2635 682 2689 dividendi
693 2636 800 2702 rationi,
812 2653 968 2707 quanquam
978 2637 1100 2691 miranda
1110 2655 1168 2691 esse
1179 2638 1254 2692 vide·

133 2732 186 2785 tur,
209 2720 308 2774 similes
329 2721 502 2791 respondent,
526 2737 614 2790 neque
632 2720 700 2774 adeo
716 2720 870 2785 insolentes,
890 2721 919 2773 in
938 2720 1110 2792 decasyllabis
1129 2737 1253 2776 caesurae

132 2804 178 2872 (ci.
190 2803 299 2869 Tobler,
312 2821 369 2856 vom
375 2805 417 2874 sq.
435 2803 552 2869 Versbou,
568 2821 595 2875 p.
610 2804 670 2874 73).

167 2888 243 2950 Quas
254 2887 366 2942 libenter
375 2887 526 2941 adhibuisse
538 2887 642 2941 videtur
655 2899 734 2958 poeta
746 2900 837 2941 noster
851 2904 857 2939 :

273 2970 338 3025 Fors
349 2970 375 3025 la
389 2972 488 3025 blonde
501 2983 585 3038 -te,
600 2989 649 3043 por
660 2972 703 3024 cui
716 2973 741 3042 ie
753 2970 885 3024 morrai...
901 2970 962 3039 (Vl,
979 2970 1022 3041 7.)

271 3055 333 3112 Bele
344 3069 372 3111 et
384 3055 482 3109 blonde
493 3085 529 3094 -
539 3067 575 3120 te,
591 3056 677 3125 jeros
690 3056 822 3109 amerai...
836 3053 896 3123 (Vl,
913 3055 970 3123 17.)

273 3144 314 3197 En
325 3151 395 3195 ceste
408 3140 444 3192 bo
456 3169 490 3178 -
504 3155 538 3192 ne
552 3141 648 3209 pensee
661 3139 760 3193 serni..
773 3137 836 3207 (VI,
853 3138 913 3206 21.)

271 3227 339 3280 Mais
352 3237 413 3294 trop
425 3239 470 3276 me
482 3223 519 3276 tie
531 3253 565 3261 —
577 3234 644 3275 nent
656 3239 691 3276 en
703 3222 822 3276 mauvais
835 3220 938 3275 delai..
955 3221 1017 3290 (Vl,
1031 3221 1091 3291 23.)

271 3311 328 3374 Qui
342 3307 400 3379 plus
412 3306 505 3360 sabaia
515 3336 552 3345 —
562 3323 590 3359 se
605 3305 663 3375 plus
673 3318 713 3359 est
726 3305 854 3358 haities...
868 3303 955 3374 (VIII,
974 3304 1031 3373 12.)

131 3396 232 3452 Confer
247 3414 254 3448 :
274 3395 307 3448 Et
319 3402 402 3463 quant
412 3389 432 3442 il
444 3392 473 3461 ju
483 3419 519 3428 -
530 3405 555 3454 e,
570 3390 594 3442 si
607 3389 696 3460 pertsi
710 3405 760 3442 son
774 3405 856 3443 sen...

271 3478 333 3531 Valt
347 3475 425 3529 mielz
437 3491 489 3545 que
502 3486 532 3527 to
544 3504 579 3513 -
597 3486 637 3527 tes
651 3473 690 3527 les
701 3473 786 3527 bones
797 3473 842 3543 qui
855 3484 951 3525 sont...

271 3560 391 3625 Qu’avec
402 3575 446 3611 ma
460 3557 497 3629 joi
506 3587 542 3597 —
555 3574 571 3611 e
583 3557 684 3611 taillent
696 3573 755 3610 mes
766 3556 932 3609 chansons...

555 3641 645 3709 (Bmlr.
662 3640 767 3705 coam„
780 3657 808 3711 p.
821 3654 866 3710 90,
880 3656 910 3692 v.
930 3654 1018 3709 23;p.
1035 3653 1095 3709 119,
1110 3656 1136 3693 v.
1152 3637 1194 3708 8).

165 3733 209 3787 Sic
224 3733 252 3784 in
264 3729 347 3783 altero
361 3723 591 3797 decasyllaborum
604 3739 703 3796 genere
711 3722 758 3777 illo
771 3722 844 3794 quod
855 3738 993 3776 caesuram
1006 3733 1066 3793 post
1080 3734 1183 3774 sextam
1196 3721 1247 3793 syl-

129 3816 217 3871 labam
230 3813 311 3868 habet
324 3809 399 3880 (6l4)
412 3826 419 3860 :

272 3896 300 3950 Si
310 3894 364 3948 n’ai
379 3891 465 3962 appris
480 3908 539 3946 mes
551 3908 580 3944 ar
594 3921 628 3930 —
642 3906 700 3943 mes
713 3906 729 3942 a
741 3903 864 3960 porter...

271 3980 335 4034 Puis
346 3978 447 4033 desloia
459 3977 497 4030 les
508 3976 565 4029 moi
578 4005 614 4014 -
627 3990 675 4028 nes
687 3991 734 4045 par
747 3973 862 4027 bonte...

750 4056 835 4125 (Atat,
850 4055 894 4110 ed.
907 4053 1050 4128 Raynauq
1062 4071 1091 4125 p.
1105 4054 1196 4124 XVI.)

164 4159 397 4217 Dehisomnibus
410 4155 671 4228 luculenteJeanroy
682 4152 815 4208 disseruit.
971 4151 1061 4222 (Θήρ.
1075 4167 1102 4222 p.
1119 4150 1198 4223 350.)
