2782 4980
521 683 696 766 CAPUT
725 685 997 768 OCTAVUM

342 948 393 1014 Da
415 948 556 1016 Ntcomt
580 969 754 1015 canutuuu
774 969 886 1015 xnxru
910 969 1173 1017 constiturum.

243 1246 359 1314 Poetae
373 1247 474 1313 nostri
489 1268 570 1335 quae
587 1265 756 1334 supersunt
777 1248 921 1314 carmina
939 1247 973 1314 in
991 1265 1116 1336 septem
1140 1246 1236 1316 codd.
1255 1250 1319 1337 jam

198 1360 323 1448 saepius
341 1359 504 1448 descriptis
524 1359 687 1428 distributa
712 1361 860 1448 reperias,
883 1382 966 1450 quos
985 1359 1101 1429 eruditi
1123 1382 1154 1430 et
1177 1361 1258 1430 bene
1277 1360 1318 1429 de

197 1472 356 1540 veteribus
372 1471 477 1561 lyricis
492 1475 597 1541 meriti
612 1473 787 1563 Raynaldi¹
804 1475 891 1542 notis
905 1473 1080 1564 significavi
1098 1501 1105 1542 :
1121 1477 1175 1559 132,
1192 1476 1242 1557 1³²,
1256 1475 1317 1543 Pb⁴

196 1586 268 1669 Pb5,
290 1586 363 1670 Pb⁶,
378 1586 466 1671 Pb¹²‚
482 1586 569 1655 Pb¹⁷.

240 1702 325 1770 Cum
342 1725 455 1791 parurn
483 1701 637 1770 haberem
659 1702 818 1771 editiones
839 1705 905 1792 jam
927 1722 1020 1771 antea
1040 1704 1124 1791 typis
1147 1699 1316 1769 mandatas

196 1838 434 1904 recognoscere,
456 1815 581 1885 codices
599 1820 685 1906 ipsos
703 1838 737 1886 ut
751 1816 912 1906 negligere
936 1816 1086 1897 levitatis,
1111 1818 1156 1884 ita
1171 1798 1319 1884 excutere

197 1928 361 2017 religionis
381 1930 457 1998 duxi
479 1956 486 1997 :
509 1954 620 2021 quare,
646 1950 682 2000 ut
699 1933 838 2000 auctoris
862 1933 926 1999 mei
950 1951 1103 2021 poemata
1119 1934 1202 2018 justo
1219 1953 1321 2019 appa-

196 2061 265 2111 ratu
281 2045 388 2111 critico
400 2045 602 2126 instruerem,
619 2045 670 2112 vel
681 2048 714 2112 in
731 2045 891 2127 bernensi,
914 2045 964 2114 vel
980 2047 1014 2112 in
1029 2047 1178 2134 parisinis
1198 2042 1317 2112 biblio·

196 2156 295 2224 thecis
314 2160 547 2246 manuscriptos
561 2160 630 2247 ipse
644 2159 790 2248 expilavi,
809 2161 876 2226 imo
896 2160 1079 2248 exscripsi2.

240 2269 367 2349 Quibus
384 2292 491 2340 autem
513 2272 674 2341 codicibus
692 2273 948 2364 unumquodque
969 2297 1097 2341 carmen
1116 2275 1157 2342 sit
1174 2297 1316 2343 asserva-

195 2405 278 2467 tum,
301 2384 459 2454 indicibus
477 2390 609 2477 exposui
625 2387 760 2477 singulis
774 2387 966 2456 carminibus
985 2389 1180 2477 praemissis.

240 2503 326 2570 Cum
356 2521 463 2570 autem
491 2504 633 2592 quinque
660 2522 808 2591 poemata
831 2501 888 2591 (II,
918 2503 974 2586 IV,
999 2504 1042 2584 V,
1070 2504 1129 2585 IX,
1154 2499 1218 2590 XI)
1248 2525 1316 2570 uno

195 2615 304 2685 codice
319 2616 433 2685 tradita
453 2619 528 2697 sint,
546 2616 710 2685 nonnullis
724 2616 803 2685 locis
825 2617 969 2686 fortunae
994 2618 1175 2686 temeritate
1199 2615 1317 2684 scriba-

195 2755 330 2822 rumque
349 2730 543 2820 negligentia
557 2729 682 2799 mendis
705 2732 892 2820 inquinatis,
912 2731 1086 2800 lectionem
1103 2729 1222 2799 codicis
1239 2733 1316 2799 reti·

195 2849 251 2914 nui
265 2845 459 2936 ubicumque
474 2844 579 2935 aliqua
591 2849 658 2935 ejus
676 2845 876 2914 tolerabilem
893 2849 926 2913 in
947 2846 1085 2915 modum
1104 2848 1316 2935 interpretan-

194 2959 252 3028 dae
272 2960 402 3029 facultas
429 2978 527 3045 esset;
558 2962 596 3028 iis
625 2984 702 3028 vero
734 2960 813 3029 locis
845 2984 927 3051 quos
957 2981 1122 3049 corruptos
1145 2982 1215 3027 esse
1238 2961 1315 3027 satis

194 3094 365 3160 constaret,
380 3077 594 3162 conjecturam
609 3075 760 3164 aliquam,
779 3077 806 3143 si
820 3093 922 3142 certae
936 3074 987 3143 vel
1002 3072 1182 3163 probabiles
1202 3097 1313 3140 emen·

195 3189 336 3258 dationes
367 3192 517 3259 inventae
545 3209 663 3273 essent,
694 3191 727 3257 in
752 3191 890 3258 auctoris
916 3188 1013 3257 verba
1041 3191 1179 3277 recipere
1208 3209 1313 3276 quam

193 3303 305 3372 falsam
331 3326 505 3394 propagare
534 3302 709 3372 lectionem
734 3303 847 3386 malui;
887 3304 923 3369 iis
952 3320 1063 3372 autem
1092 3301 1172 3370 locis
1196 3301 1313 3391 quibus

194 3436 302 3486 utrum
329 3416 509 3508 corrigendi
538 3441 579 3485 an
611 3416 719 3486 subtili
750 3416 962 3507 explicatione
993 3414 1156 3485 enodandi
1190 3436 1313 3498 essent,

232 3611 254 3648 1.
275 3594 309 3649 G.
324 3595 464 3666 Raynaud,
480 3595 659 3667 Bibliographia
672 3595 891 3648 deschansonniars
898 3596 1023 3666 fromari,
1040 3610 1055 3648 2
1068 3592 1122 3659 vol,
1141 3593 1218 3659 1884.
1238 3609 1240 3612 ·

229 3695 254 3733 2.
275 3678 370 3733 Unum
379 3691 469 3732 tamen
487 3695 592 3749 poema,
609 3679 706 3733 scilicet
721 3679 894 3732 undecimum
908 3677 1008 3748 (Colins
1026 3678 1120 3742 Musas,
1139 3679 1165 3748 je
1178 3693 1216 3730 ma
1223 3676 1317 3747 pleting

198 3762 270 3814 d'une
282 3763 374 3830 amor),
385 3762 456 3833 quod
470 3779 524 3816 non
537 3763 564 3815 in
576 3763 632 3832 ipso
640 3763 858 3816 codicebemensi
870 3777 1057 3833 recognoscere
1071 3760 1138 3814 mihi
1147 3758 1249 3814 licitum
1261 3773 1314 3827 est,

193 3846 225 3898 ad
240 3845 321 3898 fidem
333 3844 456 3900 editionis
466 3862 481 3898 a
493 3845 667 3899 Brakelmann
683 3857 787 3899 curatae
801 3845 919 3914 (Archiv,
935 3845 1018 3911 XLII,
1034 3845 1100 3914 247)
1115 3844 1184 3915 typis
1201 3843 1314 3897 manda-

192 3929 231 4064 {ip
242 3945 332 4081 pupup)
331 3946 400 3982 nova
414 3929 554 3982 collatione
572 3947 588 3982 a
605 3928 709 3983 Groeber
722 3941 749 3983 et
768 3946 817 3983 von
836 3929 958 3983 Liebt'nslti
975 3929 1094 3983 instituta
1108 3927 1182 4010 .(Zts.
1197 3928 1224 3997 f.
1244 3945 1308 3980 rom.

232 4014 259 4065 ι’.
288 4012 304 4065 Ι
336 4051 342 4064 .

71 4432 208 4672 λ
