2782 4980
607 400 784 467 ..14-

133 565 207 612 vere
219 562 250 611 et
262 566 377 612 auxere
389 544 490 613 critici
501 544 616 634 quibus
630 546 750 613 Museti
764 568 885 613 nomen
901 547 1055 614 occurrit:
1071 547 1141 614 sive
1154 571 1257 636 quae-

133 658 275 726 siverunt
291 680 356 726 non
374 661 441 727 sine
461 658 592 727 ridenda
608 660 762 747 gravitate
778 683 859 749 quae
876 659 971 728 fuerit
987 658 1040 726 illa
1058 660 1256 730 Tricassen-

134 772 175 839 sis
200 789 232 839 et
248 772 448 842 Provinensis
470 773 643 842 Academia
654 787 677 858 ¹,
693 797 750 843 seu
766 776 894 843 Museto
907 773 1121 865 quarumdam
1146 799 1258 865 reper-

134 903 238 955 tarum
256 886 371 956 fidium
386 887 515 957 laudem
530 886 776 978 adscripserunt.

177 1002 271 1090 Ergo,
292 1003 318 1068 si
336 1018 385 1070 tot
405 1000 604 1071 eruditorum
623 1005 805 1092 ingeniosas
826 1002 973 1071 fictiones
996 1005 1029 1071 in
1049 1028 1155 1072 unum
1175 1028 1257 1073 con·

133 1117 226 1203 geris,
250 1135 352 1185 totam
375 1115 473 1184 habes
495 1118 614 1185 Museti
635 1120 734 1185 vitam
756 1143 763 1185 :
788 1119 843 1207 qui
864 1142 962 1208 vagus
987 1118 1146 1206 joculator
1167 1121 1256 1188 circa

133 1252 255 1299 annum
270 1230 389 1299 MCCL
407 1228 519 1299 floruit
533 1249 574 1313 et,
594 1229 717 1299 subtilis
735 1231 856 1307 artifex,
873 1231 963 1320 plura
977 1233 1099 1300 invenit
1112 1255 1254 1322 organo·

133 1368 207 1412 rum
239 1364 489 1435 poematumque
516 1368 645 1435 genera.
676 1344 886 1414 Theobaldus
916 1364 1038 1430 autem,
1074 1348 1157 1413 tanti
1190 1349 1255 1416 viri

133 1461 294 1527 miseriam
313 1460 447 1528 moleste
465 1460 583 1542 ferens,
605 1483 678 1527 eum
697 1461 731 1527 in
749 1459 994 1528 familiaritatem
1011 1484 1103 1528 suam
1119 1463 1251 1543 accivit,

132 1572 308 1642 honoribus
320 1573 499 1663 divitiisque
514 1573 699 1657 cumulavit,
716 1576 791 1642 etin
806 1594 974 1664 poetarum
987 1598 1119 1643 suorum
1133 1574 1252 1644 acade-

133 1689 232 1756 miam
246 1690 408 1757 arcessivit
422 1688 578 1757 sodalem.
602 1689 654 1757 Sic
666 1692 770 1757 senuit
787 1688 951 1772 Nicolaus,
968 1709 1134 1779 poetarum
1151 1688 1253 1758 colle-

132 1805 175 1892 gii
209 1805 368 1894 princeps,
402 1824 445 1886 et,
481 1802 712 1892 adjuvantibus
744 1803 864 1890 Jacobo
901 1805 1018 1872 Grurio
1047 1824 1078 1871 et
1102 1805 1249 1893 Hugone

132 1918 352 2008 Lotharingi0,
369 1919 475 1986 Sancti
489 1917 606 2004 Juliani
622 1917 750 1986 aedibus
767 1920 922 2006 praestitit
936 1920 1127 2008 impensam.
1145 1920 1183 1986 In
1198 1919 1252 1987 his

133 2030 262 2099 aedibus
285 2033 405 2099 Museti
426 2035 557 2122 ejusque
581 2035 703 2117 uxoris,
731 2056 810 2123 quae
837 2056 970 2121 poeseos
992 2031 1133 2101 studium
1154 2032 1249 2115 fovit,

133 2146 301 2215 simulacra
320 2166 424 2216 erecta
442 2167 527 2216 sunt.
549 2149 620 2216 Imo
640 2147 793 2218 Nicolaus
813 2150 1039 2215 innumerum
1061 2147 1186 2215 Alfredi
1206 2147 1250 2217 de

132 2263 258 2331 Musset
274 2264 434 2351 majorum
454 2262 690 2332 adscribendus.

176 2379 452 2467 Supervacaneum
467 2396 514 2446 est
527 2398 574 2447 tot
590 2378 759 2446 doctorum
772 2377 940 2446 hominum
960 2376 1126 2445 mendacia
1139 2377 1250 2445 redar-

131 2514 239 2580 guere.
278 2493 375 2574 Nam,
417 2511 454 2560 ut
497 2491 680 2581 exemplum
719 2517 821 2561 unum
867 2491 1009 2574 afferam,
1057 2494 1120 2578 jam
1158 2514 1250 2561 anno

131 2607 359 2691 MDCCXLII,
383 2606 542 2674 eruditum
559 2607 679 2694 virum,
704 2606 922 2689 laravalliere,
944 2630 1010 2674 non
1029 2605 1146 2673 latebat
1164 2629 1250 2695 quae

132 2850 165 2907 de
180 2853 351 2924 saint-Julien
363 2853 409 2907 des
425 2852 590 2918 Menestrels,
607 2870 643 2908 on
658 2855 747 2926 voyait
765 2871 818 2908 une
836 2866 921 2909 statue
938 2855 1122 2924 representant
1136 2869 1174 2905 un
1189 2855 1249 2925 jon·

132 2938 207 3009 gleur
219 2939 274 3009 qui,
289 2937 397 2991 l’archet
411 2937 490 2991 d'une
505 2937 578 2991 main
595 2949 621 2991 et
635 2937 659 2991 le
676 2937 767 2991 violon
782 2937 815 2990 de
829 2937 928 3004 l’autre‚
943 2936 1064 2990 semblait
1076 2935 1199 3006 preluder
1212 2953 1249 2991 au

132 3021 195 3074 recit
207 3021 239 3074 de
254 3020 368 3092 quelque
379 3021 508 3076 chanson.
525 3022 563 3075 La
577 3020 701 3075 tradition
715 3020 814 3074 voulait
830 3037 881 3092 que
896 3033 963 3074 cette
979 3032 1066 3074 statue
1081 3020 1120 3072 ldt
1134 3019 1200 3074 celle
1213 3021 1251 3074 de

133 3103 212 3158 Colin
235 3106 332 3171 Muset,
362 3104 585 3176 jongleur-poete
610 3106 654 3177 qui
683 3117 791 3158 mourut
816 3103 881 3156 dans
904 3104 930 3157 la
954 3103 1082 3175 premiere
1105 3103 1188 3173 partie
1211 3103 1249 3157 du

113 3184 116 3189 ’
132 3202 192 3243 inve
206 3189 283 3242 siecle
294 3202 320 3242 et
332 3190 387 3259 qui,
402 3186 467 3243 dans
479 3206 507 3243 sa
518 3190 647 3260 jeunesse‚
664 3190 748 3243 aurait
760 3189 855 3242 chante
870 3187 967 3241 devant
978 3188 1003 3241 le
1018 3188 1057 3241 roi
1072 3187 1104 3239 de
1116 3186 1248 3242 Navarre.

133 3272 213 3327 Colin
221 3272 429 3336 Muset,devenu
437 3273 516 3327 vieux
523 3286 547 3327 et
556 3273 638 3340 riche,
654 3272 893 3337 auraitcontribue,
910 3272 1250 3342 anterieurementa1320,

133 3356 184 3409 ala
197 3357 375 3410 construction
387 3355 420 3410 de
432 3356 612 3427 Saint-Julien‚
627 3369 653 3411 et
664 3357 727 3411 c'est
740 3359 755 3408 d
768 3372 798 3409 ce
813 3357 873 3408 titre
887 3355 920 3408 de
932 3354 1072 3409 fondateur
1085 3371 1136 3425 que
1149 3370 1178 3407 sa
1192 3368 1248 3410 sta-

132 3453 178 3494 tue
192 3439 325 3510 ligurerait
339 3457 372 3494 au
387 3439 481 3511 portail
496 3441 528 3494 de
544 3453 609 3495 cette
624 3439 741 3511 eglise.»

172 3541 194 3577 1.
214 3523 257 3577 Sic
270 3524 339 3577 Fetis
353 3524 510 3596 (Biographie
521 3525 633 3595 gdna'ralc
648 3525 686 3576 das
700 3524 837 3590 musiciens,
857 3521 933 3589 1864,
947 3523 998 3576 Sub
1015 3523 1090 3576 Verbo
1104 3523 1208 3593 Muset)
1224 3536 1252 3579 et

132 3607 311 3661 Dentre-Boron
330 3609 427 3677 (Nouo.
450 3608 595 3681 Biogruphie
611 3607 736 3680 gererale,
760 3605 850 3677 1866),
863 3609 908 3679 qui
929 3608 1023 3678 prioris
1043 3607 1137 3661 eruditi
1156 3607 1251 3663 locum

133 3692 266 3763 exscripsit
286 3709 291 3744 :
311 3711 324 3742 c<
343 3691 365 3744 ll
386 3704 425 3747 est
438 3693 563 3763 probable
580 3709 631 3764 que
647 3692 796 3745 Delaborde
818 3709 833 3745 a
856 3691 939 3745 voulu
958 3690 1042 3762 parler
1056 3691 1101 3745 des
1118 3708 1252 3748 concours

134 3793 185 3849 que
198 3776 223 3830 le
241 3776 281 3830 roi
297 3775 330 3829 de
345 3777 461 3831 Navarre
476 3777 546 3830 avait
565 3776 655 3831 etablis
670 3779 685 3828 d
701 3774 803 3848 Troyes
818 3789 843 3830 et
861 3779 876 3828 a
892 3777 1004 3830 Provins
1025 3792 1090 3846 pour
1108 3774 1145 3829 les
1166 3777 1253 3831 chan-

134 3876 205 3926 sons.
222 3881 235 3912 u
249 3890 282 3900 -—
295 3861 373 3924 Quae
384 3862 439 3931 ipsa
452 3861 553 3932 poetica
565 3862 706 3915 certamina
720 3859 838 3913 fabulosa
850 3872 920 3914 sunt.
937 3862 1008 3914 Haec
1020 3860 1092 3914 fictio
1104 3877 1119 3914 e
1129 3863 1252 3931 quodam

133 3945 203 4010 loco,
216 3962 293 4016 prave
302 3947 482 4016 interpretato,
496 3944 556 3998 libri
568 3944 630 3998 dicti
643 3944 793 4015 Chroniques
805 3944 833 3997 de
843 3943 1005 3998 Setini-Demi
1019 3945 1151 4016 originem
1161 3944 1250 4002 duxit.

133 4028 177 4085 cf.
193 4029 279 4083 David
293 4031 375 4096 linet,
390 4030 512 4083 Positions
524 4029 564 4082 des
576 4028 646 4082 tlrlses
658 4028 697 4082 des
710 4028 783 4081 clives
793 4027 821 4080 de
834 4016 923 4082 l'Ecola
935 4028 973 4082 des
986 4028 1097 4095 Chartcs,
1115 4029 1193 4097 1885.
