2782 4980
54 542 184 609 occasio
212 540 284 608 data
305 559 363 623 est,
392 563 460 606 sese
484 538 633 608 indicavit
659 541 713 629 qui
741 566 757 602 «
785 537 884 606 fidem
907 539 978 606 Deo
1003 536 1109 605 datam
1139 564 1169 621 n,

55 673 93 723 ut
107 652 277 743 objiciebat
295 657 392 742 Hugo
406 653 445 722 de
461 656 596 738 Ociac0,
617 680 634 717 <r
653 654 795 723 fallere»
813 678 879 722 non
896 648 1002 738 vellet,
1020 677 1123 743 neque
1138 655 1172 721 in

24 768 28 779 '
56 768 190 837 heredio
216 792 275 838 suo
302 795 318 832 «
345 772 479 859 turpiter
504 788 639 838 aetatem
664 768 780 859 degere
808 794 839 854 »,
869 792 973 860 neque
1000 794 1016 835 r
1045 792 1173 838 crucem

59 907 165 966 suam,
191 883 274 952 bello
297 907 386 952 sacro
410 883 612 969 destinatam,
634 887 786 953 intactam
807 882 980 953 recondere
1006 907 1037 965 u,
1061 907 1173 952 verum

10 980 14 989 ¹
61 1026 77 1062 «
105 1022 165 1088 pro
192 1001 264 1067 Deo
288 999 430 1067 alacriter
453 1002 556 1067 mori1
583 1025 598 1062 >r
630 1001 829 1068 instituisset.
854 1001 988 1082 Revera,
1017 999 1111 1067 simul
1139 1023 1175 1068 ac

59 1138 168 1183 comes
186 1113 357 1184 Balduinus
377 1115 495 1184 milites
511 1117 550 1184 ad
569 1115 689 1186 bellum
708 1118 911 1207 conscripsit,
931 1117 1032 1184 crucis
1046 1118 1174 1204 signum

60 1229 155 1298 Cono
167 1231 361 1319 pectori'suo
373 1229 476 1300 infixit
488 1255 519 1298 a.
532 1231 564 1299 d.
580 1232 656 1301 VIII
667 1230 740 1300 Kal.
754 1250 861 1314 mart,
880 1254 965 1299 anno
980 1232 1086 1300 MCC.
1102 1233 1174 1317 Jam

60 1363 130 1413 tum
145 1368 265 1413 nomen
283 1347 361 1434 ejus,
379 1348 413 1413 in
425 1345 577 1414 Gaufredi
591 1345 630 1414 de
649 1345 883 1415 Villaharduini
897 1346 987 1415 libris
1001 1347 1172 1429 chronicis,

60 1482 290 1549 saepenumero
313 1460 406 1529 nobis
425 1464 576 1529 occurrit.

103 1573 231 1643 Scilicet
250 1573 442 1656 Gaufredus‚
460 1577 520 1643 etsi
540 1577 574 1642 in
589 1573 736 1645 laudibus
751 1599 876 1666 parcus,
893 1577 1038 1645 Cononis
1056 1600 1174 1645 nomen

58 1691 244 1758 inornatum
264 1714 429 1779 nunquam
448 1709 695 1774 commemorat,
717 1714 842 1780 semper
861 1711 969 1760 autem
993 1693 1022 1759 ei
1047 1689 1175 1760 laudem

58 1802 244 1893 quamdam,
260 1807 396 1872 Homeri
410 1829 511 1886 more,
523 1807 657 1894 apponit
669 1831 677 1874 ε
690 1829 775 1874 nunc
789 1807 882 1874 Cono
895 1833 911 1868 α
923 1806 1026 1875 bonus
1036 1806 1128 1876 miles
1139 1821 1172 1890 ir,

57 1943 146 1988 nunc
168 1944 184 1982 «
209 1920 369 2008 sapiens»
390 1938 444 1989 aut
465 1947 482 1983 «
502 1920 808 2010 eloquentissimus²
829 1945 846 1983 »
867 1939 1082 2010 nuncupatur.
1103 1922 1176 1990 Fuit

58 2036 160 2117 enirn,
182 2054 217 2103 ut
235 2035 270 2102 in
288 2034 430 2103 consiliis
448 2037 544 2104 sicin
563 2035 659 2119 bello,
682 2035 881 2126 praeclarus,
902 2035 973 2119 fuit,
994 2056 1029 2105 ut
1048 2035 1175 2104 alterius

59 2148 226 2238 cujusdam
251 2151 413 2239 scriptoris
437 2150 533 2219 verba
556 2174 718 2240 usurpem,
748 2176 764 2215 r<
789 2152 838 2220 vir
863 2151 952 2219 domi
981 2152 1176 2241 militiaeque

59 2264 179 2333 nobilis
197 2285 229 2334 et
247 2263 401 2334 facundus
419 2267 453 2333 in
473 2268 614 2355 paucis³.
637 2291 653 2328 u

103 2379 140 2445 In
161 2377 244 2447 bello
262 2381 362 2462 enim,
384 2381 589 2469 gravissimos
607 2379 744 2462 labores,
766 2403 847 2470 quos
867 2398 899 2448 et
918 2379 1173 2465 commilitones,

56 2497 167 2562 aZara
185 2519 285 2585 usque
299 2493 338 2562 ad
349 2493 599 2583 Andrinopolim
618 2514 744 2563 strenue
761 2518 932 2584 perpessus
944 2515 1004 2579 est,
1025 2497 1091 2564 sive
1103 2513 1176 2585 post

58 2627 186 2698 captam
214 2608 528 2699 Constantinopolim
555 2609 641 2678 urbis
667 2609 794 2678 castella
819 2610 978 2679 custodire
1004 2613 1107 2698 jussus
1129 2629 1175 2679 est

59 2724 96 2814 (S
109 2723 212 2814 268);
227 2726 294 2793 sive
309 2748 327 2792 e
340 2723 514 2793 christiano
529 2726 668 2794 exercitu
685 2748 799 2814 agmen
814 2749 917 2794 unum
932 2726 1173 2814 Didymoticam

60 2840 151 2908 duxit
173 2839 208 2929 (§
228 2839 331 2929 377);
352 2841 419 2908 sive
438 2838 694 2908 commilitonem
718 2841 894 2910 Renerium
912 2840 1098 2930 opitulatus,
1120 2843 1174 2930 qui

98 3037 122 3076 1.
143 3020 216 3075 Haec
228 3032 290 3076 sunt
301 3021 444 3092 opprobria
456 3020 489 3075 ab
504 3021 621 3093 Hugone
633 3021 666 3076 de
680 3021 780 3076 Ociaco
791 3021 820 3076 in
835 3020 979 3077 Cononem
991 3022 1093 3092 objecta
1110 3040 1116 3075 ε

327 3105 368 3159 Or
382 3121 486 3158 mearez
501 3121 549 3158 vos
562 3105 695 3159 honteuse
710 3105 751 3159 vie
762 3106 786 3158 ci
794 3124 802 3172 ;

326 3188 368 3244 Ne
379 3189 501 3244 volsistes
512 3207 561 3260 por
574 3189 634 3244 Deu
650 3190 732 3244 morit
743 3190 862 3261 joianz...

325 3273 393 3328 Molt
405 3273 433 3326 fu
445 3273 555 3337 Quenes
567 3291 629 3345 proz
639 3286 721 3346 quant
734 3272 752 3328 il
764 3271 820 3328 s'en
834 3272 908 3329 ala...

326 3355 367 3412 Or
379 3368 419 3411 est
432 3373 517 3412 venus
530 3372 579 3412 son
594 3356 631 3412 liu
643 3357 828 3413 reconchier...

325 3441 391 3496 Bien
405 3453 470 3513 puet
483 3457 513 3495 sa
526 3442 594 3496 crois
606 3441 700 3515 garder
712 3454 739 3497 et
750 3442 855 3509 estoier,

326 3524 464 3589 Qu'encor
477 3524 511 3580 l'a
522 3524 541 3580 il
552 3525 603 3580 tele
615 3524 679 3598 qu'il
693 3524 746 3580 l'en
758 3537 843 3597 porta.

717 3610 819 3681 (Brak.,
833 3609 937 3676 Chans„
951 3628 977 3681 p.
995 3611 1051 3679 56.)

95 3722 120 3761 2.
142 3705 248 3760 Coenes
266 3705 299 3759 de
315 3706 437 3762 Bethune
452 3707 498 3779 qui
513 3706 581 3761 bons
598 3706 741 3762 chevaliers
758 3721 785 3763 et
801 3724 876 3780 sages
895 3708 972 3762 estoit
991 3719 1017 3762 et
1036 3707 1098 3761 bien
1113 3707 1174 3763 elo-

56 3806 176 3861 quens...
191 3790 219 3861 (§
233 3803 292 3857 144,
309 3791 338 3845 in
353 3791 395 3846 ed.
411 3791 465 3846 adr
481 3791 574 3862 Wailly
586 3794 702 3863 curata);
721 3792 826 3848 Coenes
840 3793 872 3848 de
886 3793 1006 3848 Bethune
1020 3808 1096 3864 sagea
1110 3794 1174 3847 che-

56 3872 153 3927 valiers
165 3886 192 3929 et
203 3873 279 3928 loials
290 3875 318 3944 (§
332 3875 405 3945 574).

96 3970 176 4109 3th
204 3971 274 4025 Petri
298 3972 461 4129 3‘0utreman
482 3973 719 4048 Constantinopolim
738 3974 862 4049 belgicam,
887 3972 945 4028 162.
966 3973 1172 4050 (Wallenskold,

50 4060 96 4130 op.
175 4096 194 4123 .,
210 4073 236 4127 p.
254 4070 296 4123 24.
