2782 4980
615 432 791 498 ..27-

138 572 286 642 tempore
301 540 500 641 inspicienda
518 554 650 626 erittna
665 551 745 620 fides
763 570 794 619 et
815 549 977 620 tentanda.
1000 538 1084 638 Ergo
1105 549 1255 636 patientia

141 690 291 756 suprema
311 667 362 734 lex
380 668 517 735 amantis
536 688 618 735 esto.
636 668 755 736 Caveat
780 689 820 733 ne
837 663 1035 755 poenitendo
1059 681 1146 732 amet
1158 676 1182 745 ¹,
1200 661 1255 730 sed

140 800 322 850 constanter
343 799 461 870 perstet
476 782 510 847 in
534 783 676 870 incepto.
700 783 812 870 Apage
832 798 990 847 amatores
1006 781 1060 868 qui
1075 801 1113 847 ex
1128 801 1202 846 casu
1224 794 1256 845 et

140 898 308 965 occasione
321 894 472 966 mulieres
486 895 633 963 ambiunt
648 905 945 984 assectanturque23
962 916 1061 982 apage
1082 918 1099 955 «
1118 893 1254 960 aestivos

140 1009 395 1079 amasiunculos3
418 1035 434 1072 n
456 1011 511 1100 qui
532 1033 586 1098 per
604 1027 827 1098 tempestatem
846 1031 944 1077 unam
959 1006 1059 1076 fidem
1073 1031 1165 1076 snam
1181 1006 1257 1075 obs-

139 1127 296 1214 tringunt,
313 1125 517 1193 simulatores
533 1127 611 1192 istos
626 1127 681 1212 qui
699 1149 716 1186 u
738 1143 883 1212 tempore
902 1121 1045 1191 Paschali
1061 1147 1091 1206 ι),
1113 1140 1149 1190 ut
1168 1144 1252 1204 aves,

140 1259 259 1307 canunt
274 1257 305 1306 et
324 1238 438 1328 frigide
453 1238 710 1307 lamentantur4!

184 1350 247 1421 Sed
267 1355 497 1443 exspectationi
516 1354 554 1422 ab
571 1372 698 1421 amante
722 1355 879 1442 patienter
895 1372 1039 1443 acceptae
1062 1375 1191 1420 necesse
1204 1333 1255 1419 est

138 1487 175 1535 ut
188 1466 321 1537 domina
340 1469 407 1556 pari
426 1470 664 1557 exspectatione
679 1469 820 1536 vicissim
834 1465 1037 1557 respondeat.
1059 1465 1149 1535 Fidei
1163 1489 1255 1556 expe-

138 1584 317 1650 rimentum
342 1600 523 1651 constanter
546 1582 694 1650 tolerabit
714 1581 781 1666 ille,
812 1605 849 1651 ea
871 1602 980 1650 tamen
1007 1579 1193 1650 conditione
1221 1600 1255 1650 ut

136 1697 269 1765 domina
284 1720 359 1765 eum
371 1698 495 1765 sincere
505 1698 695 1788 experiatur.
707 1698 786 1776 Quo
799 1716 906 1765 autem
921 1716 1013 1785 pacto
1029 1697 1173 1765 sincere?
1189 1697 1255 1764 Sci-

137 1811 212 1880 licet
222 1835 297 1880 cum
312 1811 390 1880 haec
400 1814 591 1900 exspectatio
601 1835 640 1881 eo
651 1814 804 1902 pertineat
813 1829 849 1880 ut
859 1825 970 1880 amans
980 1813 1137 1880 virtutum
1158 1809 1255 1880 docu-

138 1945 288 1994 mentum
306 1944 457 2015 praestet‚
483 1950 559 1994 cum
580 1926 747 1996 intervallo
771 1950 852 2016 opus
880 1928 921 1992 sit
941 1947 976 1995 ut
998 1925 1176 2015 pericnlum
1205 1927 1257 1993 sui'

136 2039 240 2123 faciat,
262 2060 370 2109 caveat
388 2039 520 2110 domina
539 2064 580 2109 ne
607 2064 817 2131 praepropera
840 2041 1043 2110 festinatione
1063 2038 1102 2108 de
1122 2058 1251 2108 amante

136 2155 265 2242 judicet.
299 2154 575 2246 Quandoquidem
616 2157 655 2227 de
690 2158 826 2224 amantis
856 2155 1026 2225 virtutibus
1065 2157 1251 2223 communis

135 2268 309 2337 hominum
324 2271 435 2359 opinio
447 2268 576 2357 judicat,
593 2272 746 2361 quonlam
761 2270 846 2339 fama
861 2294 913 2339 eas
927 2272 1018 2360 quasi
1029 2268 1068 2339 ad
1082 2270 1252 2339 obrussam

136 2385 246 2472 exigit,
266 2408 393 2453 necesse
414 2405 462 2454 est
480 2404 515 2453 ut
533 2384 667 2454 domina
692 2387 838 2474 opinioni
867 2385 1006 2454 confidat
1026 2383 1169 2475 quidem,
1198 2383 1253 2453 sed

136 2518 282 2587 expertae
322 2501 542 2589 ingenuaeque
577 2501 739 2589 opinioni.
786 2502 838 2569 Ne
873 2501 965 2568 citius
997 2499 1100 2567 famae
1134 2498 1250 2582 credat,

135 2611 267 2681 fortasse
292 2614 549 2682 commenticiae.
586 2614 664 2682 Inde
690 2613 774 2705 apud
796 2615 911 2706 lyricos
933 2633 1026 2683 rotet
1057 2633 1123 2681 tam
1138 2614 1249 2682 acerba

136 2727 172 2794 in
199 2725 378 2798 laudatores
404 2727 590 2819 (losengiers)
610 2730 767 2812 convicia,
788 2730 907 2798 scilicet
930 2731 964 2798 in
984 2728 1130 2799 aemulos
1147 2727 1197 2798 vel
1218 2730 1253 2797 in

174 2923 198 2961 1.
218 2906 311 2961 Onkes
324 2924 359 2962 ne
372 2924 434 2962 seue
445 2924 520 2963 amer
531 2926 546 2963 a
559 2910 674 2981 repentir
697 2911 838 2981 (Matznet,
851 2927 878 2982 p.
893 2908 935 2980 6.)
958 2941 989 2950 -
1004 2909 1096 2965 Onkes
1105 2910 1203 2964 n’amai
1217 2927 1252 2965 en

135 2991 251 3061 repentir
269 2990 377 3061 (Conci,
391 2992 467 3058 Brak,
484 2992 588 3060 Charra,
601 3011 627 3064 p.
645 2993 717 3062 112).
731 3024 765 3034 —
780 2993 873 3048 Onkes
887 2994 984 3049 n'amai
995 2996 1141 3066 arepentir,
1158 2994 1200 3049 Ne
1216 2993 1253 3048 n’i

133 3075 175 3129 soi
189 3073 252 3128 faire
266 3076 423 3147 mesprison.
438 3075 607 3147 (Audefroid,
620 3077 746 3148 Mdtqnar,
761 3095 787 3148 p.
805 3080 879 3151 1²9·)

171 3174 196 3213 2.
377 3158 420 3214 Cil
432 3161 478 3230 qui
487 3160 614 3215 chantent
628 3161 661 3215 de
674 3161 726 3214 flor
738 3177 773 3215 ne
786 3161 819 3215 de
830 3161 942 3216 verdure

346 3242 389 3298 Ne
401 3256 507 3298 sentent
520 3261 567 3314 pas
578 3243 604 3298 la
613 3244 706 3300 doleur
721 3262 773 3317 que
784 3247 810 3318 je
821 3257 879 3300 sent
895 3264 902 3300 ι

347 3328 415 3382 Ainz
425 3339 487 3382 sont
497 3345 591 3382 amanz
603 3331 660 3384 ausi
675 3346 737 3384 com
749 3329 915 3384 d’aventure.

620 3413 766 3484 (Eustache
777 3413 810 3467 de
822 3414 924 3480 Reims,
936 3414 1062 3486 Maiarum
1077 3431 1104 3486 p.
1124 3416 1198 3487 113.)

171 3509 196 3566 3.
358 3494 426 3550 Mais
439 3495 473 3550 cil
486 3495 544 3550 saus
554 3498 823 3554 amoureusd’este...
1255 3503 1258 3511 ’

346 3577 482 3634 N'aiment
495 3578 549 3634 fors
568 3593 649 3652 quant
663 3581 746 3638 talent
760 3582 801 3636 lor
819 3594 905 3653 prent.

767 3666 852 3736 (Gace
863 3666 950 3734 Brule,
961 3667 1088 3732 Matzner,
1099 3684 1125 3737 p.
1138 3669 1198 3736 4ο.)

168 3757 196 3808 4.
357 3745 425 3799 Mais
438 3744 583 3819 lifaignant
596 3747 703 3818 prieour

345 3830 420 3885 Dont
432 3830 457 3902 ja
470 3829 549 3884 dame
560 3831 637 3886 niert
650 3833 725 3886 amee

345 3912 389 3967 Ne
399 3914 524 3968 chantem
534 3912 588 3969 fors
600 3931 634 3969 en
649 3931 760 3987 pascour
774 3935 780 3970 :

345 3995 412 4050 Lors
423 4013 452 4051 se
460 3996 596 4070 plaignent
608 4016 670 4054 sans
683 4016 787 4055 amour.

945 4085 1087 4155 (Mitzner,
1099 4102 1126 4156 p.
1135 4087 1195 4156 4ο.)
