2782 4980
133 574 208 639 que,
228 553 374 618 coronati
397 571 544 641 tempora
567 552 713 633 floribus,
739 553 857 622 choros
879 557 1012 645 agitant,
1043 575 1075 624 et
1098 557 1137 624 ad
1159 557 1250 626 tibias

133 683 351 754 tympanaque
376 666 486 735 dicunt
503 671 636 752 cantica,
660 670 726 736 sive
752 668 844 737 miles
865 672 898 737 in
916 672 1095 739 certamine
1118 671 1249 742 calcaria

134 778 245 848 subdit
261 805 345 870 equo
362 805 397 849 ac
412 782 519 850 lancea
533 801 661 852 strenue
676 785 804 853 hostem
819 784 933 853 ferit...
952 810 969 848 »
989 785 1089 866 Quod
1104 790 1250 857 sitorum

135 918 263 964 carmen
279 895 411 987 relegas,
428 916 460 965 er
474 900 564 966 exiis
579 901 757 983 sententiis,
767 924 848 990 quae
861 924 974 990 parum
989 903 1071 969 inter
1085 925 1118 970 se
1132 901 1249 972 cohae-

134 1029 218 1095 rent,
236 1029 270 1078 ut
285 1010 375 1080 decet
394 1012 504 1102 lyrica,
526 1033 556 1082 et
580 1038 618 1082 ex
642 1014 699 1083 illo
720 1014 837 1098 calore,
862 1019 971 1085 nescio
999 1016 1076 1106 quid
1103 1019 1251 1087 Horatia·

134 1148 213 1194 num
230 1126 380 1196 redolet:

493 1246 580 1312 ...Ut
598 1244 715 1313 melius
733 1243 893 1336 quidquid
903 1247 963 1314 erit
979 1248 1056 1335 pati,

203 1358 266 1426 Seu
282 1357 383 1446 pluris
399 1358 535 1441 hiemes,
549 1383 604 1428 seu
618 1358 729 1428 tribuit
747 1363 894 1450 Juppiter
907 1359 1065 1440 ultimam,

204 1464 297 1543 Quae
312 1487 399 1532 nunc
415 1465 571 1553 oppositis
581 1464 724 1533 debilitat
742 1465 922 1555 pumicibus
942 1490 1029 1534 mare

183 1577 426 1667 Tyrrhenum!
446 1581 566 1669 Sapias,
583 1581 659 1648 vina
672 1580 786 1670 liques,
808 1600 839 1650 et
853 1583 955 1671 spatio
974 1581 1062 1650 brevi

203 1695 300 1781 Spem
317 1692 449 1784 longam
469 1696 607 1764 reseces!
625 1698 713 1765 Dum
725 1695 900 1786 loquimur,
921 1695 1039 1786 fugerit
1055 1695 1163 1766 invida

201 1810 317 1878 Aetas!
335 1809 437 1899 Carpe
452 1809 550 1893 diem,
566 1834 666 1900 quam
681 1813 854 1880 minimum
872 1810 1003 1880 credula
1022 1811 1167 1901 posterol

668 2087 712 2154 V.

179 2330 268 2411 Quid
289 2333 388 2400 vero?
410 2332 572 2416 Hilaritas,
589 2334 652 2415 vis,
674 2334 769 2417 risus,
784 2331 871 2418 ‚haec
893 2333 1004 2401 omnia
1031 2332 1129 2422 lepidi
1149 2333 1253 2400 homi-

135 2447 185 2514 nis
203 2465 289 2529 sunt,
309 2466 416 2537 atque,
437 2467 473 2515 ut
491 2445 619 2531 dicitur,
640 2448 744 2515 festivi
762 2448 873 2537 capitis
891 2449 1108 2537 potiusquam
1125 2466 1250 2536 poetae.

181 2560 244 2630 Sed
262 2560 428 2630 interdum
443 2561 553 2631 altiore
568 2561 707 2652 quodam
728 2563 878 2631 instinctu
896 2562 1050 2631 Nicolaus
1070 2582 1172 2630 tactus
1190 2582 1250 2631 est.

135 2678 210 2745 Duo
225 2696 300 2746 sunt
313 2679 465 2757 carmina,
482 2676 598 2766 quibus
613 2678 642 2746 ei
659 2677 839 2747 litterarum
852 2679 975 2768 generi,
993 2676 1134 2768 quodam
1150 2676 1250 2746 modo

134 2791 258 2882 vulgari
273 2812 303 2861 et
318 2794 406 2875 trito,
423 2791 509 2882 quod
529 2791 568 2861 ad
583 2811 724 2882 pastores
739 2812 860 2883 spectat
874 2791 1002 2884 (gallice
1020 2813 1028 2856 ι
1044 2792 1249 2884 parturirent),

137 2907 233 2976 decus
241 2905 409 2976 addiderit.
420 2906 477 2976 Illa
485 2906 627 2998 profecto
636 2907 758 2998 idyllia,
768 2909 884 2998 quibus
893 2908 986 2976 miles
995 2908 1132 2998 puellam
1142 2910 1253 2977 ovium

136 3022 304 3093 custodem
324 3047 435 3092 amans
450 3023 625 3108 inducitur,
647 3022 727 3092 dum
747 3023 825 3092 haec
841 3048 897 3113 per
916 3026 1025 3112 jocum
1039 3024 1167 3107 resistit,
1183 3047 1253 3113 pas-

137 3157 188 3206 tor
213 3157 321 3207 contra
348 3138 438 3208 rivali
461 3137 562 3222 dolet,
579 3141 739 3227 exquisita
765 3139 956 3229 plerumque
981 3157 1047 3206 arte
1075 3140 1252 3226 composita

136 3273 224 3335 sunt,
245 3255 339 3323 itaut
357 3253 444 3323 haud
467 3252 557 3322 facile
579 3255 738 3323 discernas
753 3273 861 3324 utrum
886 3256 986 3342 magis
1004 3253 1191 3322 admiranda
1212 3255 1254 3321 sit

136 3369 315 3438 similitudo
329 3371 401 3454 ista,
423 3392 503 3459 quae
522 3372 631 3459 generi
644 3372 703 3459 ipsi
721 3369 878 3453 inhaeret,
894 3392 936 3437 an
954 3371 1033 3436 mira
1049 3368 1102 3436 illa
1123 3367 1254 3437 diversi·

136 3505 197 3567 tas,
218 3508 282 3574 qua
301 3486 335 3552 in
347 3508 482 3575 operum
499 3484 659 3554 coloribus
678 3484 838 3555 variandis
856 3504 968 3575 poetae
982 3484 1082 3552 nostri
1096 3487 1144 3553 usi
1163 3504 1251 3553 sunt.
1327 3515 1329 3518 ·
1364 3501 1367 3505 ’

137 3607 322 3690 Utcumque
337 3624 387 3669 res
407 3624 441 3668 se
455 3594 562 3683 habet,
579 3624 706 3689 semper
720 3621 793 3670 ante
806 3600 916 3669 oculos
929 3601 1046 3668 rustica
1060 3599 1164 3691 puella
1180 3623 1253 3668 cum

137 3717 251 3786 ovibus
266 3735 406 3806 apparet.
424 3717 496 3784 Hoc
509 3735 617 3784 autem
641 3716 724 3806 apud
745 3715 918 3785 Nicolaum
937 3739 1059 3784 novum
1083 3734 1142 3798 est,
1169 3715 1254 3806 quod

135 3835 307 3902 Marionem
329 3851 360 3901 et
382 3830 543 3915 Rudinum,
565 3833 765 3900 Petrinattom
786 3856 821 3900 ac
841 3833 1005 3900 Pcrrinum
1029 3832 1148 3899 missos
1167 3830 1252 3899 facit.

135 3949 258 4018 Mensis
277 3945 410 4038 quidem
423 3947 507 4037 apud
525 3971 600 4016 eum
620 3971 750 4037 quoque
761 3949 866 4014 maius
879 3966 939 4024 est,
954 3971 1010 4015 ver
1029 3970 1165 4027 novum,
1176 3944 1256 4013 hora

137 4067 306 4146 matutina,
332 4064 515 4152 pomarium
539 4063 676 4131 floribus
698 4061 896 4144 distinctum,
924 4062 978 4130 ubi
997 4065 1104 4130 avium
1125 4080 1220 4128 cantu
1239 4085 1256 4126 e
