2782 4980
379 656 572 739 CAPUT
614 655 900 749 QUINTUM

175 944 216 989 DE
240 942 373 988 CONONE
398 942 612 989 BETHUNIENSI
635 942 704 987 CUM
728 940 872 987 Nlcolno
894 938 1096 986 COMPARATO

124 1227 201 1293 Non
221 1222 290 1310 plus
305 1222 416 1289 decem
435 1223 598 1289 cantiones
621 1221 713 1309 hujus
733 1239 844 1310 poetae
864 1239 997 1301 exstant,
1019 1221 1053 1284 in
1070 1241 1202 1287 summa

81 1362 191 1407 versus
217 1337 457 1427 quadringenti¹
491 1361 498 1403 :
528 1337 617 1425 pauci
644 1334 785 1425 quidem,
815 1336 841 1402 si
866 1335 905 1403 de
930 1336 1062 1422 ingenio
1085 1354 1202 1420 poetae

84 1454 264 1521 existimare
284 1452 373 1520 velis.
396 1453 509 1540 Atqui,
531 1452 558 1516 si
575 1451 682 1533 Cono,
703 1474 777 1518 cum
796 1449 934 1519 Nicolao
953 1449 1097 1531 collatus,
1123 1450 1203 1516 ima-

82 1570 191 1656 ginem
208 1586 320 1656 poetae
341 1585 452 1635 nostro
472 1568 619 1655 proxime
639 1566 778 1633 similem
801 1565 906 1646 refert,
928 1566 954 1631 si
976 1563 1120 1632 versibus
1140 1563 1203 1631 illis

82 1682 280 1770 paucissimis
303 1680 384 1748 nihil
411 1679 538 1749 videtur
561 1681 665 1747 inesse
689 1678 776 1769 quod
802 1681 970 1769 ingenium
993 1679 1032 1747 ad
1060 1681 1203 1746 carmina

83 1795 250 1865 condenda
269 1795 448 1884 praeditum
466 1795 636 1884 significet,
655 1797 681 1862 si
699 1793 876 1883 fragmenta
901 1795 1046 1862 Cononis
1064 1816 1203 1883 poema-

83 1931 168 1994 tum,
187 1928 298 1978 trunca
316 1909 400 1993 licet,
425 1933 530 1998 neque
550 1910 689 1978 novitate
707 1906 845 1999 quadam
863 1933 968 1998 neque
987 1907 1203 1998 peculiaribus

83 2026 253 2094 virtutibus
273 2048 415 2114 unquam
439 2048 499 2092 nos
523 2023 563 2092 ad
583 2022 829 2092 admirationem
847 2022 1056 2112 compellunt,
1078 2020 1203 2090 fatebor

85 2142 151 2230 ipse
172 2159 203 2207 et
223 2139 396 2208 concedam
416 2165 424 2206 ι
446 2162 559 2206 omnes
578 2162 707 2228 prorsus
727 2137 826 2206 medii
845 2139 914 2205 aevi
933 2137 1036 2226 lyrici,
1057 2161 1113 2226 per
1131 2161 1205 2206 sae-

86 2254 196 2323 culum
219 2277 320 2323 unum
339 2272 369 2321 et
390 2251 576 2337 dimidium,
602 2277 711 2334 unam,
735 2273 771 2321 ut
793 2256 837 2322 ita
854 2252 970 2334 dicam,
996 2272 1027 2320 et
1051 2253 1204 2321 eamdem

84 2372 266 2436 cantionem
287 2366 430 2434 versibus
451 2390 576 2457 semper
594 2368 834 2458 rescripserunt.

132 2482 310 2570 Siquidem,
327 2500 363 2551 ut
381 2505 420 2550 ex
436 2480 583 2550 historiae
602 2483 820 2551 monumentis
834 2484 952 2572 percipi
968 2500 1085 2571 potest,
1107 2483 1204 2552 Cono

86 2596 139 2664 ille
154 2597 388 2680 Bethuniensis,
406 2598 488 2664 inter
500 2597 590 2687 Sully
605 2599 710 2665 nostri
726 2616 915 2687 propatruus
930 2597 1203 2683 annumerandus,

86 2732 153 2778 non
177 2710 238 2779 fuit
262 2710 362 2779 homo
381 2712 448 2778 sine
472 2734 597 2800 sapore,
620 2730 767 2800 comptus
790 2731 821 2780 et
844 2709 1036 2800 pulchellus,
1062 2714 1206 2781 versicu-

86 2824 193 2893 lorum
212 2844 286 2894 ante
302 2827 413 2894 omnia
432 2824 602 2895 studiosus.
623 2827 695 2895 Fuit
713 2845 825 2894 contra
842 2827 891 2894 vir
905 2827 1107 2909 fortissimus,
1129 2848 1206 2894 vere

89 2939 206 3029 diguus
220 2942 275 3030 qui
289 2940 406 3009 eodem
421 2940 517 3025 bello,
531 2964 596 3031 quo
612 2939 790 3010 Gaufredus
804 2940 842 3009 de
857 2939 1102 3023 Villaharduini,
1120 2939 1207 3008 mili-

89 3055 214 3122 taverit.
241 3057 361 3124 Eorum
388 3056 528 3124 militum
548 3058 602 3145 qui
626 3055 792 3126 Orientale
817 3057 991 3144 imperium
1010 3057 1044 3123 in
1063 3074 1208 3144 potesta-

91 3185 158 3235 tem
177 3193 267 3237 suam
285 3171 416 3239 viriliter
434 3169 626 3260 redegerunt
643 3173 732 3261 quasi
751 3170 913 3261 exemplar
930 3172 1059 3240 exstitit.
1075 3172 1207 3256 Juvenis

92 3283 208 3364 adhuc,
226 3309 301 3353 cum
320 3285 466 3374 aequales
481 3285 520 3352 ad
539 3286 658 3355 bellum
677 3284 825 3354 Saladino
842 3285 1097 3354 denuntiandum
1117 3309 1208 3353 mor-

90 3398 219 3466 dacibus
238 3419 269 3467 et
285 3399 433 3468 aculeatis
450 3401 643 3470 carminibus
662 3403 828 3484 movisset,
850 3425 935 3469 anno
954 3403 1209 3470 MCLXXXVII

91 3512 230 3602 Philippi
245 3516 382 3602 Augusti
399 3514 577 3584 commilito
593 3515 667 3597 fuit,
690 3538 720 3584 et
739 3516 880 3585 confecta
901 3516 987 3583 brevi
1006 3515 1207 3605 infaustaque

94 3626 219 3709 militia,
246 3652 318 3695 cum
342 3654 414 3717 rege
441 3632 474 3698 in
496 3632 629 3719 patriam
653 3633 758 3700 victus
780 3629 885 3699 rediit.
911 3631 971 3699 Sed
993 3630 1047 3698 ubi
1065 3633 1208 3720 primum

131 3810 157 3849 1.
177 3793 288 3864 Optima
303 3813 365 3849 usus
384 3814 446 3851 sum
464 3799 580 3852 editione
595 3815 610 3852 a
628 3799 718 3869 juveni
738 3798 888 3868 eodemque
905 3799 1003 3853 eximio
1021 3798 1124 3851 erudito
1141 3799 1208 3852 Axel

92 3876 273 3931 Wallenskbld
288 3897 371 3950 nuper
382 3895 518 3951 procurata
530 3882 670 3951 (Chansonr
679 3883 708 3934 dr
722 3883 807 3936 Conon
820 3882 848 3935 de
858 3883 974 3948 Be'thunr,
989 3883 1080 3936 edition
1093 3884 1206 3956 critique,

93 3961 269 4032 Helsingsors‚
289 3963 378 4037 1891).

19 4360 313 4640 ἡ
