<?xml version="1.0" encoding="UTF-8"?>
<!DOCTYPE html PUBLIC "-//W3C//DTD XHTML 1.0 Transitional//EN"
    "http://www.w3.org/TR/xhtml1/DTD/xhtml1-transitional.dtd">
<html xmlns="http://www.w3.org/1999/xhtml" xml:lang="en" lang="en">
 <head>
  <title>
</title>
<meta http-equiv="Content-Type" content="text/html;charset=utf-8" />
  <meta name='ocr-system' content='tesseract 3.04.00' />
  <meta name='ocr-capabilities' content='ocr_page ocr_carea ocr_par ocr_line ocrx_word'/>
</head>
<body>
  <div class='ocr_page' id='page_1' title='image "./denicolaomuseto00bdgoog_0047.png"; bbox 0 0 2782 4980; ppageno 0'>
   <div class='ocr_carea' id='block_1_1' title="bbox 78 4412 192 4690">
    <p class='ocr_par' dir='ltr' id='par_1_1' title="bbox 78 4412 198 4690">
     <span class='ocr_line' id='line_1_1' title="bbox 78 4412 192 4690; baseline -0.075 0"><span class='ocrx_word' id='word_1_1' title='bbox 78 4412 192 4690; x_wconf 54' lang='grc' dir='ltr'>Χ</span> 
     </span>
    </p>
   </div>
   <div class='ocr_carea' id='block_1_2' title="bbox 210 430 1334 3635">
    <p class='ocr_par' dir='ltr' id='par_1_2' title="bbox 674 430 849 508">
     <span class='ocr_line' id='line_1_2' title="bbox 674 430 849 508; baseline 0 -39"><span class='ocrx_word' id='word_1_2' title='bbox 674 459 719 469; x_wconf 89' lang='grc'>-</span> <span class='ocrx_word' id='word_1_3' title='bbox 744 430 784 508; x_wconf 72' lang='lat'>34</span> <span class='ocrx_word' id='word_1_4' title='bbox 809 457 849 469; x_wconf 83' lang='lat'>..-</span> 
     </span>
    </p>

    <p class='ocr_par' dir='ltr' id='par_1_3' title="bbox 210 560 1334 1571">
     <span class='ocr_line' id='line_1_3' title="bbox 210 560 1330 653; baseline -0.005 -21"><span class='ocrx_word' id='word_1_5' title='bbox 210 582 279 647; x_wconf 91' lang='lat' dir='ltr'>cat;</span> <span class='ocrx_word' id='word_1_6' title='bbox 294 587 334 631; x_wconf 90' lang='lat' dir='ltr'>ne</span> <span class='ocrx_word' id='word_1_7' title='bbox 348 563 484 632; x_wconf 91' lang='lat' dir='ltr'>atrocius</span> <span class='ocrx_word' id='word_1_8' title='bbox 499 585 554 630; x_wconf 94' lang='lat' dir='ltr'>eos</span> <span class='ocrx_word' id='word_1_9' title='bbox 569 580 668 652; x_wconf 88' lang='lat' dir='ltr'>regat,</span> <span class='ocrx_word' id='word_1_10' title='bbox 685 581 720 629; x_wconf 93' lang='lat' dir='ltr'>ut</span> <span class='ocrx_word' id='word_1_11' title='bbox 733 585 830 653; x_wconf 87' lang='lat' dir='ltr'>eques</span> <span class='ocrx_word' id='word_1_12' title='bbox 846 561 960 629; x_wconf 92' lang='lat' dir='ltr'>habilis</span> <span class='ocrx_word' id='word_1_13' title='bbox 972 563 1026 652; x_wconf 94' lang='lat' dir='ltr'>qui</span> <span class='ocrx_word' id='word_1_14' title='bbox 1039 560 1190 629; x_wconf 88' lang='lat' dir='ltr'><strong>rebellem</strong></span> <span class='ocrx_word' id='word_1_15' title='bbox 1206 578 1330 650; x_wconf 89' lang='lat' dir='ltr'>equum</span> 
     </span>
     <span class='ocr_line' id='line_1_4' title="bbox 211 675 1331 760; baseline -0.004 -14"><span class='ocrx_word' id='word_1_16' title='bbox 211 677 380 748; x_wconf 91' lang='lat' dir='ltr'>domitavit</span> <span class='ocrx_word' id='word_1_17' title='bbox 399 697 431 745; x_wconf 91' lang='lat' dir='ltr'>et</span> <span class='ocrx_word' id='word_1_18' title='bbox 460 679 624 746; x_wconf 89' lang='lat' dir='ltr'>victoriam</span> <span class='ocrx_word' id='word_1_19' title='bbox 652 675 821 745; x_wconf 86' lang='lat' dir='ltr'>creduliter</span> <span class='ocrx_word' id='word_1_20' title='bbox 847 689 1012 760; x_wconf 77' lang='lat' dir='ltr'>exercet13</span> <span class='ocrx_word' id='word_1_21' title='bbox 1039 713 1079 726; x_wconf 90' lang='lat'><em>-</em></span> <span class='ocrx_word' id='word_1_22' title='bbox 1107 699 1194 743; x_wconf 89' lang='lat' dir='ltr'>nunc</span> <span class='ocrx_word' id='word_1_23' title='bbox 1220 694 1331 743; x_wconf 89' lang='lat' dir='ltr'>autern</span> 
     </span>
     <span class='ocr_line' id='line_1_5' title="bbox 211 788 1334 882; baseline -0.003 -22"><span class='ocrx_word' id='word_1_24' title='bbox 211 795 344 861; x_wconf 90' lang='lat' dir='ltr'>crimina</span> <span class='ocrx_word' id='word_1_25' title='bbox 359 795 473 882; x_wconf 91' lang='lat' dir='ltr'>quibus</span> <span class='ocrx_word' id='word_1_26' title='bbox 494 810 645 882; x_wconf 88' lang='lat' dir='ltr'>petuntur</span> <span class='ocrx_word' id='word_1_27' title='bbox 663 790 823 874; x_wconf 85' lang='lat' dir='ltr'>refellunt,</span> <span class='ocrx_word' id='word_1_28' title='bbox 842 817 858 854; x_wconf 89' lang='lat'>«</span> <span class='ocrx_word' id='word_1_29' title='bbox 879 790 1131 860; x_wconf 87' lang='lat' dir='ltr'>laudatoribus»</span> <span class='ocrx_word' id='word_1_30' title='bbox 1151 788 1238 857; x_wconf 90' lang='lat' dir='ltr'>diras</span> <span class='ocrx_word' id='word_1_31' title='bbox 1259 813 1334 880; x_wconf 89' lang='lat' dir='ltr'>pre-</span> 
     </span>
     <span class='ocr_line' id='line_1_6' title="bbox 211 903 1332 997; baseline -0.004 -20"><span class='ocrx_word' id='word_1_32' title='bbox 211 929 341 993; x_wconf 83' lang='lat' dir='ltr'>cantur3</span> <span class='ocrx_word' id='word_1_33' title='bbox 369 947 413 957; x_wconf 99' lang='lat'><em>-</em></span> <span class='ocrx_word' id='word_1_34' title='bbox 440 932 526 976; x_wconf 90' lang='lat' dir='ltr'>nunc</span> <span class='ocrx_word' id='word_1_35' title='bbox 551 906 637 975; x_wconf 90' lang='lat' dir='ltr'>diem</span> <span class='ocrx_word' id='word_1_36' title='bbox 667 926 868 975; x_wconf 81' lang='lat' dir='ltr'>exsecrantur</span> <span class='ocrx_word' id='word_1_37' title='bbox 894 930 958 997; x_wconf 91' lang='lat' dir='ltr'>qua</span> <span class='ocrx_word' id='word_1_38' title='bbox 989 909 1130 996; x_wconf 91' lang='lat' dir='ltr'>primum</span> <span class='ocrx_word' id='word_1_39' title='bbox 1161 903 1332 973; x_wconf 91' lang='lat' dir='ltr'>dominam</span> 
     </span>
     <span class='ocr_line' id='line_1_7' title="bbox 210 1018 1330 1112; baseline -0.004 -21"><span class='ocrx_word' id='word_1_40' title='bbox 210 1022 394 1112; x_wconf 82' lang='lat' dir='ltr'>adspexere,</span> <span class='ocrx_word' id='word_1_41' title='bbox 415 1045 503 1091; x_wconf 90' lang='lat' dir='ltr'>nunc</span> <span class='ocrx_word' id='word_1_42' title='bbox 521 1023 689 1111; x_wconf 90' lang='lat' dir='ltr'>repentina</span> <span class='ocrx_word' id='word_1_43' title='bbox 702 1020 866 1111; x_wconf 84' lang='lat' dir='ltr'>palinodia</span> <span class='ocrx_word' id='word_1_44' title='bbox 884 1020 1032 1089; x_wconf 89' lang='lat' dir='ltr'>eamdem</span> <span class='ocrx_word' id='word_1_45' title='bbox 1053 1019 1214 1088; x_wconf 89' lang='lat' dir='ltr'>celebrant</span> <span class='ocrx_word' id='word_1_46' title='bbox 1228 1018 1330 1103; x_wconf 91' lang='lat' dir='ltr'>diem,</span> 
     </span>
     <span class='ocr_line' id='line_1_8' title="bbox 211 1133 1330 1228; baseline -0.004 -22"><span class='ocrx_word' id='word_1_47' title='bbox 211 1163 273 1228; x_wconf 92' lang='lat' dir='ltr'>qua</span> <span class='ocrx_word' id='word_1_48' title='bbox 300 1136 463 1228; x_wconf 88' lang='lat' dir='ltr'>pulchrior</span> <span class='ocrx_word' id='word_1_49' title='bbox 487 1136 567 1204; x_wconf 85' lang='lat' dir='ltr'>luxit</span> <span class='ocrx_word' id='word_1_50' title='bbox 593 1135 680 1204; x_wconf 93' lang='lat' dir='ltr'>nulla</span> <span class='ocrx_word' id='word_1_51' title='bbox 692 1162 702 1220; x_wconf 92' lang='lat'>;</span> <span class='ocrx_word' id='word_1_52' title='bbox 730 1175 771 1186; x_wconf 93' lang='lat'><em>-</em></span> <span class='ocrx_word' id='word_1_53' title='bbox 800 1134 995 1225; x_wconf 85' lang='lat' dir='ltr'>supplicibus</span> <span class='ocrx_word' id='word_1_54' title='bbox 1024 1135 1128 1203; x_wconf 88' lang='lat' dir='ltr'>verbis</span> <span class='ocrx_word' id='word_1_55' title='bbox 1159 1133 1330 1202; x_wconf 89' lang='lat' dir='ltr'>dominam</span> 
     </span>
     <span class='ocr_line' id='line_1_9' title="bbox 210 1248 1331 1341; baseline -0.003 -21"><span class='ocrx_word' id='word_1_56' title='bbox 210 1254 428 1321; x_wconf 83' lang='lat' dir='ltr'>obsecrantur</span> <span class='ocrx_word' id='word_1_57' title='bbox 446 1251 626 1340; x_wconf 89' lang='lat' dir='ltr'>superbiam</span> <span class='ocrx_word' id='word_1_58' title='bbox 641 1274 730 1318; x_wconf 88' lang='lat' dir='ltr'>suam</span> <span class='ocrx_word' id='word_1_59' title='bbox 746 1249 942 1320; x_wconf 89' lang='lat' dir='ltr'>contundere</span> <span class='ocrx_word' id='word_1_60' title='bbox 957 1248 1118 1341; x_wconf 86' lang='lat' dir='ltr'>dignetur,</span> <span class='ocrx_word' id='word_1_61' title='bbox 1136 1267 1178 1331; x_wconf 91' lang='lat' dir='ltr'>et,</span> <span class='ocrx_word' id='word_1_62' title='bbox 1196 1273 1331 1319; x_wconf 89' lang='lat' dir='ltr'>servum</span> 
     </span>
     <span class='ocr_line' id='line_1_10' title="bbox 211 1362 1329 1455; baseline -0.004 -21"><span class='ocrx_word' id='word_1_63' title='bbox 211 1390 276 1434; x_wconf 91' lang='lat' dir='ltr'>non</span> <span class='ocrx_word' id='word_1_64' title='bbox 296 1366 423 1455; x_wconf 93' lang='lat' dir='ltr'>longius</span> <span class='ocrx_word' id='word_1_65' title='bbox 440 1384 615 1453; x_wconf 90' lang='lat' dir='ltr'>aspernata,</span> <span class='ocrx_word' id='word_1_66' title='bbox 632 1365 751 1431; x_wconf 89' lang='lat' dir='ltr'>misero</span> <span class='ocrx_word' id='word_1_67' title='bbox 764 1364 931 1432; x_wconf 91' lang='lat' dir='ltr'>stimulum</span> <span class='ocrx_word' id='word_1_68' title='bbox 945 1362 1118 1454; x_wconf 91' lang='lat' dir='ltr'>quemdam</span> <span class='ocrx_word' id='word_1_69' title='bbox 1136 1364 1275 1431; x_wconf 89' lang='lat' dir='ltr'>incutiat</span> <span class='ocrx_word' id='word_1_70' title='bbox 1289 1364 1329 1430; x_wconf 92' lang='lat' dir='ltr'>ad</span> 
     </span>
     <span class='ocr_line' id='line_1_11' title="bbox 211 1477 814 1571; baseline -0.005 -22"><span class='ocrx_word' id='word_1_71' title='bbox 211 1480 401 1571; x_wconf 89' lang='lat' dir='ltr'>supplicium</span> <span class='ocrx_word' id='word_1_72' title='bbox 422 1478 564 1546; x_wconf 88' lang='lat' dir='ltr'>alacriter</span> <span class='ocrx_word' id='word_1_73' title='bbox 576 1477 814 1546; x_wconf 91' lang='lat' dir='ltr'>sustinendum.</span> 
     </span>
    </p>

    <p class='ocr_par' dir='ltr' id='par_1_4' title="bbox 210 1591 1333 2697">
     <span class='ocr_line' id='line_1_12' title="bbox 255 1591 1333 1682; baseline -0.001 -20"><span class='ocrx_word' id='word_1_74' title='bbox 255 1597 338 1677; x_wconf 90' lang='lat' dir='ltr'>Imo,</span> <span class='ocrx_word' id='word_1_75' title='bbox 359 1596 391 1661; x_wconf 92' lang='lat' dir='ltr'>in</span> <span class='ocrx_word' id='word_1_76' title='bbox 407 1596 475 1682; x_wconf 87' lang='lat' dir='ltr'>ejus</span> <span class='ocrx_word' id='word_1_77' title='bbox 494 1596 562 1662; x_wconf 90' lang='lat' dir='ltr'>aevi</span> <span class='ocrx_word' id='word_1_78' title='bbox 581 1593 788 1676; x_wconf 89' lang='lat' dir='ltr'>carminibus,</span> <span class='ocrx_word' id='word_1_79' title='bbox 809 1593 873 1661; x_wconf 93' lang='lat' dir='ltr'>hoc</span> <span class='ocrx_word' id='word_1_80' title='bbox 892 1591 1194 1682; x_wconf 91' lang='lat' dir='ltr'>reprehendendum</span> <span class='ocrx_word' id='word_1_81' title='bbox 1217 1619 1224 1660; x_wconf 94' lang='lat'><strong>:</strong></span> <span class='ocrx_word' id='word_1_82' title='bbox 1245 1612 1333 1661; x_wconf 89' lang='lat' dir='ltr'>stant</span> 
     </span>
     <span class='ocr_line' id='line_1_13' title="bbox 210 1708 1331 1797; baseline -0.001 -21"><span class='ocrx_word' id='word_1_83' title='bbox 210 1709 296 1794; x_wconf 95' lang='lat' dir='ltr'>loco,</span> <span class='ocrx_word' id='word_1_84' title='bbox 324 1710 453 1777; x_wconf 91' lang='lat' dir='ltr'>immoti</span> <span class='ocrx_word' id='word_1_85' title='bbox 482 1727 513 1776; x_wconf 91' lang='lat' dir='ltr'>et</span> <span class='ocrx_word' id='word_1_86' title='bbox 541 1708 769 1791; x_wconf 89' lang='lat' dir='ltr'>immutabiles,</span> <span class='ocrx_word' id='word_1_87' title='bbox 803 1732 913 1776; x_wconf 87' lang='lat' dir='ltr'>amans</span> <span class='ocrx_word' id='word_1_88' title='bbox 941 1728 973 1776; x_wconf 91' lang='lat' dir='ltr'>et</span> <span class='ocrx_word' id='word_1_89' title='bbox 1005 1728 1126 1791; x_wconf 84' lang='lat' dir='ltr'>amata3</span> <span class='ocrx_word' id='word_1_90' title='bbox 1157 1709 1331 1797; x_wconf 90' lang='lat' dir='ltr'>praecipue</span> 
     </span>
     <span class='ocr_line' id='line_1_14' title="bbox 212 1820 1329 1912; baseline -0.002 -20"><span class='ocrx_word' id='word_1_91' title='bbox 212 1845 331 1908; x_wconf 90' lang='lat' dir='ltr'>autem,</span> <span class='ocrx_word' id='word_1_92' title='bbox 346 1822 490 1891; x_wconf 86' lang='lat' dir='ltr'>domina.</span> <span class='ocrx_word' id='word_1_93' title='bbox 506 1820 625 1891; x_wconf 91' lang='lat' dir='ltr'>Credas</span> <span class='ocrx_word' id='word_1_94' title='bbox 636 1823 809 1912; x_wconf 91' lang='lat' dir='ltr'>superbum</span> <span class='ocrx_word' id='word_1_95' title='bbox 826 1825 1001 1892; x_wconf 88' lang='lat' dir='ltr'>taciturnae</span> <span class='ocrx_word' id='word_1_96' title='bbox 1012 1821 1089 1891; x_wconf 90' lang='lat' dir='ltr'>deae</span> <span class='ocrx_word' id='word_1_97' title='bbox 1105 1823 1329 1906; x_wconf 90' lang='lat' dir='ltr'>simulacrum,</span> 
     </span>
     <span class='ocr_line' id='line_1_15' title="bbox 213 1936 1331 2028; baseline -0.002 -20"><span class='ocrx_word' id='word_1_98' title='bbox 213 1942 276 2021; x_wconf 90' lang='lat' dir='ltr'>cui,</span> <span class='ocrx_word' id='word_1_99' title='bbox 302 1940 396 2006; x_wconf 91' lang='lat' dir='ltr'>inerti</span> <span class='ocrx_word' id='word_1_100' title='bbox 420 1957 451 2006; x_wconf 91' lang='lat' dir='ltr'>et</span> <span class='ocrx_word' id='word_1_101' title='bbox 474 1939 592 2020; x_wconf 89' lang='lat' dir='ltr'>otioso,</span> <span class='ocrx_word' id='word_1_102' title='bbox 618 1957 689 2006; x_wconf 91' lang='lat' dir='ltr'>tura</span> <span class='ocrx_word' id='word_1_103' title='bbox 713 1936 859 2006; x_wconf 87' lang='lat' dir='ltr'>dicantur</span> <span class='ocrx_word' id='word_1_104' title='bbox 882 1961 1068 2028; x_wconf 89' lang='lat' dir='ltr'>precesque.</span> <span class='ocrx_word' id='word_1_105' title='bbox 1093 1940 1239 2021; x_wconf 87' lang='lat' dir='ltr'>Movere,</span> <span class='ocrx_word' id='word_1_106' title='bbox 1269 1962 1331 2006; x_wconf 91' lang='lat' dir='ltr'>nec</span> 
     </span>
     <span class='ocr_line' id='line_1_16' title="bbox 213 2051 1333 2141; baseline 0 -19"><span class='ocrx_word' id='word_1_107' title='bbox 213 2056 337 2123; x_wconf 85' lang='lat' dir='ltr'>moueri</span> <span class='ocrx_word' id='word_1_108' title='bbox 367 2052 502 2135; x_wconf 89' lang='lat' dir='ltr'>videtur,</span> <span class='ocrx_word' id='word_1_109' title='bbox 531 2076 677 2120; x_wconf 91' lang='lat' dir='ltr'>amorem</span> <span class='ocrx_word' id='word_1_110' title='bbox 706 2055 782 2141; x_wconf 90' lang='lat' dir='ltr'>pati,</span> <span class='ocrx_word' id='word_1_111' title='bbox 817 2077 876 2121; x_wconf 91' lang='lat' dir='ltr'>nec</span> <span class='ocrx_word' id='word_1_112' title='bbox 904 2051 1079 2121; x_wconf 84' lang='lat' dir='ltr'>redamare.</span> <span class='ocrx_word' id='word_1_113' title='bbox 1110 2052 1204 2121; x_wconf 88' lang='lat' dir='ltr'>Haud</span> <span class='ocrx_word' id='word_1_114' title='bbox 1238 2054 1333 2122; x_wconf 90' lang='lat' dir='ltr'>aliter</span> 
     </span>
     <span class='ocr_line' id='line_1_17' title="bbox 212 2167 1332 2260; baseline 0 -22"><span class='ocrx_word' id='word_1_115' title='bbox 212 2193 339 2260; x_wconf 85' lang='lat' dir='ltr'>pugnae</span> <span class='ocrx_word' id='word_1_116' title='bbox 353 2168 469 2236; x_wconf 90' lang='lat' dir='ltr'>arbiter</span> <span class='ocrx_word' id='word_1_117' title='bbox 484 2191 614 2236; x_wconf 88' lang='lat' dir='ltr'>arenam</span> <span class='ocrx_word' id='word_1_118' title='bbox 628 2167 732 2236; x_wconf 91' lang='lat' dir='ltr'>lentus</span> <span class='ocrx_word' id='word_1_119' title='bbox 747 2187 879 2257; x_wconf 91' lang='lat' dir='ltr'>spectat,</span> <span class='ocrx_word' id='word_1_120' title='bbox 897 2170 1079 2236; x_wconf 89' lang='lat' dir='ltr'>certaminis</span> <span class='ocrx_word' id='word_1_121' title='bbox 1093 2171 1177 2236; x_wconf 92' lang='lat' dir='ltr'>vices</span> <span class='ocrx_word' id='word_1_122' title='bbox 1190 2192 1332 2258; x_wconf 91' lang='lat' dir='ltr'>perpen-</span> 
     </span>
     <span class='ocr_line' id='line_1_18' title="bbox 213 2282 1333 2374; baseline -0.001 -22"><span class='ocrx_word' id='word_1_123' title='bbox 213 2284 278 2366; x_wconf 90' lang='lat' dir='ltr'>det,</span> <span class='ocrx_word' id='word_1_124' title='bbox 300 2283 371 2351; x_wconf 86' lang='lat' dir='ltr'>data</span> <span class='ocrx_word' id='word_1_125' title='bbox 390 2304 581 2374; x_wconf 91' lang='lat' dir='ltr'>acceptaque</span> <span class='ocrx_word' id='word_1_126' title='bbox 600 2282 730 2352; x_wconf 89' lang='lat' dir='ltr'>vulnera</span> <span class='ocrx_word' id='word_1_127' title='bbox 748 2285 906 2366; x_wconf 87' lang='lat' dir='ltr'>aestimat,</span> <span class='ocrx_word' id='word_1_128' title='bbox 928 2284 1019 2353; x_wconf 92' lang='lat' dir='ltr'>vultu</span> <span class='ocrx_word' id='word_1_129' title='bbox 1040 2286 1174 2372; x_wconf 85' lang='lat' dir='ltr'>rigente,</span> <span class='ocrx_word' id='word_1_130' title='bbox 1191 2303 1228 2352; x_wconf 91' lang='lat' dir='ltr'>ut</span> <span class='ocrx_word' id='word_1_131' title='bbox 1248 2283 1333 2371; x_wconf 83' lang='lat' dir='ltr'>judi·</span> 
     </span>
     <span class='ocr_line' id='line_1_19' title="bbox 213 2397 1331 2487; baseline 0.001 -20"><span class='ocrx_word' id='word_1_132' title='bbox 213 2424 283 2467; x_wconf 90' lang='lat' dir='ltr'>cem</span> <span class='ocrx_word' id='word_1_133' title='bbox 302 2397 404 2482; x_wconf 89' lang='lat' dir='ltr'>decet,</span> <span class='ocrx_word' id='word_1_134' title='bbox 426 2418 457 2465; x_wconf 91' lang='lat' dir='ltr'>et</span> <span class='ocrx_word' id='word_1_135' title='bbox 475 2401 586 2466; x_wconf 90' lang='lat' dir='ltr'>animo</span> <span class='ocrx_word' id='word_1_136' title='bbox 605 2400 756 2466; x_wconf 92' lang='lat' dir='ltr'>immoto.</span> <span class='ocrx_word' id='word_1_137' title='bbox 780 2401 1020 2480; x_wconf 83' lang='lat' dir='ltr'>-Attamen,</span> <span class='ocrx_word' id='word_1_138' title='bbox 1042 2418 1077 2468; x_wconf 95' lang='lat' dir='ltr'>tu</span> <span class='ocrx_word' id='word_1_139' title='bbox 1096 2401 1164 2487; x_wconf 90' lang='lat' dir='ltr'>ipsa</span> <span class='ocrx_word' id='word_1_140' title='bbox 1177 2400 1331 2468; x_wconf 88' lang='lat' dir='ltr'>victoriae</span> 
     </span>
     <span class='ocr_line' id='line_1_20' title="bbox 213 2513 1330 2604; baseline 0.003 -24"><span class='ocrx_word' id='word_1_141' title='bbox 213 2515 345 2604; x_wconf 89' lang='lat' dir='ltr'>pignus!</span> <span class='ocrx_word' id='word_1_142' title='bbox 368 2515 417 2580; x_wconf 91' lang='lat' dir='ltr'>De</span> <span class='ocrx_word' id='word_1_143' title='bbox 435 2533 466 2581; x_wconf 91' lang='lat' dir='ltr'>te</span> <span class='ocrx_word' id='word_1_144' title='bbox 488 2537 537 2580; x_wconf 90' lang='lat' dir='ltr'>res</span> <span class='ocrx_word' id='word_1_145' title='bbox 558 2514 678 2601; x_wconf 89' lang='lat' dir='ltr'>agitur!</span> <span class='ocrx_word' id='word_1_146' title='bbox 703 2552 742 2562; x_wconf 99' lang='lat'><em>-</em></span> <span class='ocrx_word' id='word_1_147' title='bbox 764 2515 832 2581; x_wconf 90' lang='lat' dir='ltr'>Stat</span> <span class='ocrx_word' id='word_1_148' title='bbox 852 2513 974 2601; x_wconf 92' lang='lat' dir='ltr'>procul,</span> <span class='ocrx_word' id='word_1_149' title='bbox 992 2535 1128 2596; x_wconf 90' lang='lat' dir='ltr'>remota,</span> <span class='ocrx_word' id='word_1_150' title='bbox 1152 2515 1330 2599; x_wconf 89' lang='lat' dir='ltr'>incuriosa,</span> 
     </span>
     <span class='ocr_line' id='line_1_21' title="bbox 213 2653 335 2697; baseline -0.008 0"><span class='ocrx_word' id='word_1_151' title='bbox 213 2653 335 2697; x_wconf 89' lang='lat' dir='ltr'>serena.</span> 
     </span>
    </p>

    <p class='ocr_par' dir='ltr' id='par_1_5' title="bbox 214 2743 1329 2949">
     <span class='ocr_line' id='line_1_22' title="bbox 257 2743 1329 2837; baseline 0.003 -26"><span class='ocrx_word' id='word_1_152' title='bbox 257 2745 369 2812; x_wconf 92' lang='lat' dir='ltr'>Tertio</span> <span class='ocrx_word' id='word_1_153' title='bbox 384 2761 504 2824; x_wconf 88' lang='lat' dir='ltr'>autem,</span> <span class='ocrx_word' id='word_1_154' title='bbox 522 2743 590 2809; x_wconf 92' lang='lat' dir='ltr'>istis</span> <span class='ocrx_word' id='word_1_155' title='bbox 608 2745 804 2832; x_wconf 91' lang='lat' dir='ltr'>argumentis</span> <span class='ocrx_word' id='word_1_156' title='bbox 818 2743 938 2833; x_wconf 87' lang='lat' dir='ltr'>aliquid</span> <span class='ocrx_word' id='word_1_157' title='bbox 954 2743 1067 2813; x_wconf 89' lang='lat' dir='ltr'>insulsi</span> <span class='ocrx_word' id='word_1_158' title='bbox 1082 2747 1164 2814; x_wconf 85' lang='lat' dir='ltr'>inest</span> <span class='ocrx_word' id='word_1_159' title='bbox 1171 2745 1329 2837; x_wconf 89' lang='lat' dir='ltr'>fatuique,</span> 
     </span>
     <span class='ocr_line' id='line_1_23' title="bbox 214 2855 743 2949; baseline -0.004 -22"><span class='ocrx_word' id='word_1_160' title='bbox 214 2857 301 2949; x_wconf 93' lang='lat' dir='ltr'>quod</span> <span class='ocrx_word' id='word_1_161' title='bbox 315 2858 475 2945; x_wconf 89' lang='lat' dir='ltr'>legentem</span> <span class='ocrx_word' id='word_1_162' title='bbox 488 2855 617 2923; x_wconf 86' lang='lat' dir='ltr'>fastidio</span> <span class='ocrx_word' id='word_1_163' title='bbox 634 2856 743 2925; x_wconf 86' lang='lat' dir='ltr'>afficit.</span> 
     </span>
    </p>

    <p class='ocr_par' dir='ltr' id='par_1_6' title="bbox 214 2972 1333 3635">
     <span class='ocr_line' id='line_1_24' title="bbox 258 2972 1332 3064; baseline 0.004 -23"><span class='ocrx_word' id='word_1_164' title='bbox 258 2974 415 3041; x_wconf 91' lang='lat' dir='ltr'>Densiore</span> <span class='ocrx_word' id='word_1_165' title='bbox 431 2973 519 3038; x_wconf 91' lang='lat' dir='ltr'>enim</span> <span class='ocrx_word' id='word_1_166' title='bbox 539 2973 665 3060; x_wconf 89' lang='lat' dir='ltr'>agmine</span> <span class='ocrx_word' id='word_1_167' title='bbox 685 2975 871 3041; x_wconf 88' lang='lat' dir='ltr'>catervatim</span> <span class='ocrx_word' id='word_1_168' title='bbox 890 2972 1074 3057; x_wconf 91' lang='lat' dir='ltr'>decurrunt,</span> <span class='ocrx_word' id='word_1_169' title='bbox 1095 2975 1128 3041; x_wconf 92' lang='lat' dir='ltr'>in</span> <span class='ocrx_word' id='word_1_170' title='bbox 1148 2973 1332 3064; x_wconf 90' lang='lat' dir='ltr'>longiorem</span> 
     </span>
     <span class='ocr_line' id='line_1_25' title="bbox 215 3085 1329 3176; baseline 0.004 -22"><span class='ocrx_word' id='word_1_171' title='bbox 215 3095 337 3174; x_wconf 80' lang='grc' dir='ltr'>θεωρίαν</span> <span class='ocrx_word' id='word_1_172' title='bbox 353 3085 549 3174; x_wconf 86' lang='lat' dir='ltr'>explicantur</span> <span class='ocrx_word' id='word_1_173' title='bbox 562 3104 612 3154; x_wconf 93' lang='lat' dir='ltr'>tot</span> <span class='ocrx_word' id='word_1_174' title='bbox 624 3089 744 3176; x_wconf 87' lang='lat' dir='ltr'>aegroti</span> <span class='ocrx_word' id='word_1_175' title='bbox 760 3089 968 3176; x_wconf 88' lang='lat' dir='ltr'>aegrotationi</span> <span class='ocrx_word' id='word_1_176' title='bbox 983 3087 1117 3156; x_wconf 89' lang='lat' dir='ltr'>libenter</span> <span class='ocrx_word' id='word_1_177' title='bbox 1127 3088 1329 3174; x_wconf 90' lang='lat' dir='ltr'>incubantes,</span> 
     </span>
     <span class='ocr_line' id='line_1_26' title="bbox 215 3200 1332 3293; baseline 0.005 -24"><span class='ocrx_word' id='word_1_178' title='bbox 215 3220 264 3269; x_wconf 92' lang='lat' dir='ltr'>tot</span> <span class='ocrx_word' id='word_1_179' title='bbox 278 3202 374 3269; x_wconf 88' lang='lat' dir='ltr'>saucii</span> <span class='ocrx_word' id='word_1_180' title='bbox 388 3202 442 3291; x_wconf 92' lang='lat' dir='ltr'>qui</span> <span class='ocrx_word' id='word_1_181' title='bbox 454 3200 617 3268; x_wconf 87' lang='lat' dir='ltr'>infirmam</span> <span class='ocrx_word' id='word_1_182' title='bbox 631 3200 736 3270; x_wconf 89' lang='lat' dir='ltr'>adhuc</span> <span class='ocrx_word' id='word_1_183' title='bbox 752 3203 929 3270; x_wconf 86' lang='lat' dir='ltr'>cicatricem</span> <span class='ocrx_word' id='word_1_184' title='bbox 943 3223 1057 3291; x_wconf 88' lang='lat' dir='ltr'>sponte</span> <span class='ocrx_word' id='word_1_185' title='bbox 1072 3224 1238 3293; x_wconf 91' lang='lat' dir='ltr'>rumpunt,</span> <span class='ocrx_word' id='word_1_186' title='bbox 1258 3231 1275 3268; x_wconf 82' lang='lat' dir='ltr'>u</span> <span class='ocrx_word' id='word_1_187' title='bbox 1292 3206 1332 3275; x_wconf 92' lang='lat' dir='ltr'>ab</span> 
     </span>
     <span class='ocr_line' id='line_1_27' title="bbox 214 3314 1329 3405; baseline 0.006 -22"><span class='ocrx_word' id='word_1_188' title='bbox 214 3320 336 3384; x_wconf 89' lang='lat' dir='ltr'>Amore</span> <span class='ocrx_word' id='word_1_189' title='bbox 355 3314 478 3405; x_wconf 89' lang='lat' dir='ltr'>decepti</span> <span class='ocrx_word' id='word_1_190' title='bbox 487 3327 512 3398; x_wconf 88' lang='lat'>²,</span> <span class='ocrx_word' id='word_1_191' title='bbox 536 3341 551 3378; x_wconf 84' lang='lat' dir='ltr'>u</span> <span class='ocrx_word' id='word_1_192' title='bbox 575 3340 591 3377; x_wconf 88' lang='lat'>«</span> <span class='ocrx_word' id='word_1_193' title='bbox 612 3335 704 3404; x_wconf 87' lang='lat' dir='ltr'>grato</span> <span class='ocrx_word' id='word_1_194' title='bbox 723 3315 809 3384; x_wconf 93' lang='lat' dir='ltr'>ducti</span> <span class='ocrx_word' id='word_1_195' title='bbox 825 3339 930 3384; x_wconf 91' lang='lat' dir='ltr'>errore</span> <span class='ocrx_word' id='word_1_196' title='bbox 942 3330 965 3385; x_wconf 79' lang='lat'>3.</span> <span class='ocrx_word' id='word_1_197' title='bbox 988 3344 1004 3381; x_wconf 81' lang='lat' dir='ltr'>u</span> <span class='ocrx_word' id='word_1_198' title='bbox 1023 3318 1145 3387; x_wconf 91' lang='lat' dir='ltr'>Tristes</span> <span class='ocrx_word' id='word_1_199' title='bbox 1161 3319 1329 3405; x_wconf 90' lang='lat' dir='ltr'>incedunt,</span> 
     </span>
     <span class='ocr_line' id='line_1_28' title="bbox 215 3428 1333 3521; baseline 0.005 -24"><span class='ocrx_word' id='word_1_200' title='bbox 215 3450 399 3512; x_wconf 90' lang='lat' dir='ltr'>trementes,</span> <span class='ocrx_word' id='word_1_201' title='bbox 420 3428 582 3516; x_wconf 91' lang='lat' dir='ltr'>singultim</span> <span class='ocrx_word' id='word_1_202' title='bbox 600 3429 821 3514; x_wconf 87' lang='lat' dir='ltr'>balbutientes,</span> <span class='ocrx_word' id='word_1_203' title='bbox 841 3449 992 3521; x_wconf 91' lang='lat' dir='ltr'>tanquam</span> <span class='ocrx_word' id='word_1_204' title='bbox 1011 3434 1257 3502; x_wconf 88' lang='lat' dir='ltr'>incantamentis</span> <span class='ocrx_word' id='word_1_205' title='bbox 1271 3435 1333 3503; x_wconf 85' lang='lat' dir='ltr'>fas-</span> 
     </span>
     <span class='ocr_line' id='line_1_29' title="bbox 215 3544 1331 3635; baseline 0.004 -22"><span class='ocrx_word' id='word_1_206' title='bbox 215 3546 342 3613; x_wconf 88' lang='lat' dir='ltr'>cinati4.</span> <span class='ocrx_word' id='word_1_207' title='bbox 362 3544 585 3614; x_wconf 88' lang='lat' dir='ltr'>Obstinantius</span> <span class='ocrx_word' id='word_1_208' title='bbox 604 3546 794 3612; x_wconf 91' lang='lat' dir='ltr'>miserantur</span> <span class='ocrx_word' id='word_1_209' title='bbox 812 3565 844 3613; x_wconf 88' lang='lat' dir='ltr'>et</span> <span class='ocrx_word' id='word_1_210' title='bbox 862 3545 1044 3635; x_wconf 88' lang='lat' dir='ltr'>praedicant</span> <span class='ocrx_word' id='word_1_211' title='bbox 1070 3549 1211 3615; x_wconf 89' lang='lat' dir='ltr'>vicissim</span> <span class='ocrx_word' id='word_1_212' title='bbox 1233 3574 1331 3618; x_wconf 92' lang='lat' dir='ltr'>suum</span> 
     </span>
    </p>
   </div>
   <div class='ocr_carea' id='block_1_3' title="bbox 214 3711 1333 4290">
    <p class='ocr_par' dir='ltr' id='par_1_7' title="bbox 214 3711 1333 4299">
     <span class='ocr_line' id='line_1_30' title="bbox 254 3711 1333 3787; baseline 0.005 -22"><span class='ocrx_word' id='word_1_213' title='bbox 254 3729 276 3766; x_wconf 89' lang='lat'>1.</span> <span class='ocrx_word' id='word_1_214' title='bbox 297 3711 364 3765; x_wconf 89' lang='lat' dir='ltr'>Vide</span> <span class='ocrx_word' id='word_1_215' title='bbox 375 3711 481 3783; x_wconf 87' lang='lat' dir='ltr'>elegans</span> <span class='ocrx_word' id='word_1_216' title='bbox 494 3727 610 3778; x_wconf 88' lang='lat' dir='ltr'>carmen,</span> <span class='ocrx_word' id='word_1_217' title='bbox 626 3711 659 3766; x_wconf 92' lang='lat' dir='ltr'>ab</span> <span class='ocrx_word' id='word_1_218' title='bbox 671 3712 772 3765; x_wconf 89' lang='lat' dir='ltr'>incerto</span> <span class='ocrx_word' id='word_1_219' title='bbox 785 3725 893 3767; x_wconf 90' lang='lat' dir='ltr'>auctore</span> <span class='ocrx_word' id='word_1_220' title='bbox 907 3714 1044 3784; x_wconf 88' lang='lat' dir='ltr'>scriptum,</span> <span class='ocrx_word' id='word_1_221' title='bbox 1057 3715 1128 3787; x_wconf 91' lang='lat' dir='ltr'>quod</span> <span class='ocrx_word' id='word_1_222' title='bbox 1140 3715 1174 3771; x_wconf 90' lang='lat' dir='ltr'>G.</span> <span class='ocrx_word' id='word_1_223' title='bbox 1189 3716 1263 3770; x_wconf 90' lang='lat' dir='ltr'>Paris</span> <span class='ocrx_word' id='word_1_224' title='bbox 1277 3717 1333 3772; x_wconf 89' lang='lat' dir='ltr'>edi·</span> 
     </span>
     <span class='ocr_line' id='line_1_31' title="bbox 214 3796 568 3867; baseline -0.006 -17"><span class='ocrx_word' id='word_1_225' title='bbox 214 3797 252 3850; x_wconf 91' lang='lat' dir='ltr'>dit</span> <span class='ocrx_word' id='word_1_226' title='bbox 277 3796 419 3864; x_wconf 85' lang='lat' dir='ltr'>(Romania,</span> <span class='ocrx_word' id='word_1_227' title='bbox 434 3796 494 3860; x_wconf 90' lang='lat' dir='ltr'>VH,</span> <span class='ocrx_word' id='word_1_228' title='bbox 510 3796 568 3867; x_wconf 84' lang='lat'>95).</span> 
     </span>
     <span class='ocr_line' id='line_1_32' title="bbox 251 3877 1080 3952; baseline 0.002 -19"><span class='ocrx_word' id='word_1_229' title='bbox 251 3896 276 3933; x_wconf 90' lang='lat'>2.</span> <span class='ocrx_word' id='word_1_230' title='bbox 299 3898 312 3929; x_wconf 80' lang='lat' dir='ltr'>r&lt;</span> <span class='ocrx_word' id='word_1_231' title='bbox 327 3879 465 3932; x_wconf 64' lang='lat' dir='ltr'>Meschcans</span> <span class='ocrx_word' id='word_1_232' title='bbox 475 3877 598 3931; x_wconf 86' lang='lat' dir='ltr'>d&#39;amours</span> <span class='ocrx_word' id='word_1_233' title='bbox 611 3899 625 3929; x_wconf 84' lang='lat' dir='ltr'>u</span> <span class='ocrx_word' id='word_1_234' title='bbox 639 3878 846 3948; x_wconf 89' lang='lat' dir='ltr'>(Ghislebertus,</span> <span class='ocrx_word' id='word_1_235' title='bbox 862 3880 965 3947; x_wconf 80' lang='lat' dir='ltr'>Schelar,</span> <span class='ocrx_word' id='word_1_236' title='bbox 978 3896 1010 3934; x_wconf 91' lang='lat' dir='ltr'>n0</span> <span class='ocrx_word' id='word_1_237' title='bbox 1025 3884 1080 3952; x_wconf 92' lang='lat'>10).</span> 
     </span>
     <span class='ocr_line' id='line_1_33' title="bbox 252 3963 1075 4037; baseline 0.011 -26"><span class='ocrx_word' id='word_1_238' title='bbox 252 3980 276 4034; x_wconf 83' lang='lat'>3.</span> <span class='ocrx_word' id='word_1_239' title='bbox 313 3981 326 4012; x_wconf 78' lang='lat' dir='ltr'>r&lt;</span> <span class='ocrx_word' id='word_1_240' title='bbox 341 3963 490 4016; x_wconf 82' lang='lat' dir='ltr'>Doucement</span> <span class='ocrx_word' id='word_1_241' title='bbox 500 3963 622 4032; x_wconf 75' lang='lat' dir='ltr'>engignils</span> <span class='ocrx_word' id='word_1_242' title='bbox 637 3983 652 4014; x_wconf 88' lang='lat'>»</span> <span class='ocrx_word' id='word_1_243' title='bbox 668 3965 921 4036; x_wconf 80' lang='lat' dir='ltr'>(Bartsch-Horning,</span> <span class='ocrx_word' id='word_1_244' title='bbox 935 3965 986 4020; x_wconf 92' lang='lat' dir='ltr'>col.</span> <span class='ocrx_word' id='word_1_245' title='bbox 1002 3967 1075 4037; x_wconf 83' lang='lat'>313).</span> 
     </span>
     <span class='ocr_line' id='line_1_34' title="bbox 250 4045 826 4118; baseline 0.003 -18"><span class='ocrx_word' id='word_1_246' title='bbox 250 4062 277 4113; x_wconf 84' lang='lat'>4.</span> <span class='ocrx_word' id='word_1_247' title='bbox 298 4047 396 4113; x_wconf 87' lang='lat' dir='ltr'>Adam,</span> <span class='ocrx_word' id='word_1_248' title='bbox 410 4047 458 4100; x_wconf 89' lang='lat' dir='ltr'>XI.</span> <span class='ocrx_word' id='word_1_249' title='bbox 477 4045 510 4098; x_wconf 86' lang='lat' dir='ltr'>Et</span> <span class='ocrx_word' id='word_1_250' title='bbox 525 4046 551 4098; x_wconf 89' lang='lat' dir='ltr'>la</span> <span class='ocrx_word' id='word_1_251' title='bbox 563 4045 661 4118; x_wconf 91' lang='lat' dir='ltr'>langue</span> <span class='ocrx_word' id='word_1_252' title='bbox 676 4048 753 4101; x_wconf 88' lang='lat' dir='ltr'>m&#39;est</span> <span class='ocrx_word' id='word_1_253' title='bbox 765 4048 826 4116; x_wconf 79' lang='lat' dir='ltr'>loie,</span> 
     </span>
     <span class='ocr_line' id='line_1_35' title="bbox 475 4129 747 4202; baseline 0.018 -22"><span class='ocrx_word' id='word_1_254' title='bbox 475 4129 552 4196; x_wconf 75' lang='lat' dir='ltr'>Ainsi</span> <span class='ocrx_word' id='word_1_255' title='bbox 563 4146 615 4202; x_wconf 90' lang='lat' dir='ltr'>que</span> <span class='ocrx_word' id='word_1_256' title='bbox 627 4147 654 4184; x_wconf 88' lang='lat' dir='ltr'>sa</span> <span class='ocrx_word' id='word_1_257' title='bbox 667 4129 747 4186; x_wconf 74' lang='lat' dir='ltr'>faerie</span> 
     </span>
     <span class='ocr_line' id='line_1_36' title="bbox 454 4213 732 4290; baseline 0.018 -24.891"><span class='ocrx_word' id='word_1_258' title='bbox 454 4213 460 4279; x_wconf 76' lang='lat' dir='ltr'>j</span> <span class='ocrx_word' id='word_1_259' title='bbox 475 4213 519 4290; x_wconf 64' lang='lat' dir='ltr'>bie</span> <span class='ocrx_word' id='word_1_260' title='bbox 531 4215 732 4271; x_wconf 90' lang='lat' dir='ltr'>venistentour.</span> 
     </span>
    </p>
   </div>
   <div class='ocr_carea' id='block_1_4' title="bbox 0 0 1401 4980">
    <p class='ocr_par' dir='ltr' id='par_1_8' title="bbox 0 0 1401 4980">
     <span class='ocr_line' id='line_1_37' title="bbox 0 0 1401 4980; baseline 0 0"><span class='ocrx_word' id='word_1_261' title='bbox 0 0 1401 4980; x_wconf 95' lang='lat' dir='ltr'> </span> 
     </span>
    </p>
   </div>
  </div>
 </body>
</html>
