2782 4980
600 457 644 469 -
667 443 709 508 49
733 459 777 470 ..

419 561 496 628 L’en
514 561 584 629 doit
602 561 676 629 bien
695 585 754 650 por
773 563 794 629 li
812 560 956 642 chanter,

418 677 457 742 Et
474 677 650 744 renvoisier
664 695 696 743 et
715 678 795 762 joer,

419 791 457 858 Et
475 812 535 857 son
554 812 626 857 cors
645 792 728 858 tenir
746 791 816 879 plus
835 793 898 881 gai,

420 907 459 974 Et
475 904 515 972 de
535 905 628 973 robes
643 927 796 988 acesmer,

420 1022 459 1088 Et
477 1019 589 1108 chapel
604 1017 644 1087 de
657 1020 721 1088 flor
735 1040 843 1109 porter

420 1137 501 1202 Ausi
516 1157 590 1202 com
607 1133 637 1202 el
656 1136 740 1203 mois
758 1132 798 1202 de
812 1137 888 1202 mai.

180 1275 231 1343 Sic
241 1276 385 1344 Musetus
397 1275 566 1342 amatorias
580 1277 744 1343 cantiones
754 1277 882 1366 propria
894 1296 971 1344 nota
984 1277 1131 1369 ¹signavit.
1143 1277 1250 1344 Insur-

132 1393 179 1476 git
192 1389 323 1479 quidem
339 1388 524 1479 aliquando,
547 1409 579 1457 et
596 1389 745 1459 sublimia
763 1408 951 1478 argumenta
971 1389 1165 1479 amplificare
1185 1408 1249 1458 stu·

134 1503 201 1585 det,
224 1504 279 1572 sed
300 1527 415 1593 parum
440 1505 622 1587 instinctus,
650 1523 807 1594 tanquam
836 1503 896 1572 sibi
924 1506 991 1594 ipse
1017 1528 1084 1572 non
1111 1505 1247 1573 credat:

133 1617 238 1687 dulcia
263 1642 353 1701 vero,
380 1618 572 1708 voluptates,
598 1621 718 1686 amoris
741 1617 868 1707 gaudia,
900 1619 978 1687 haec
1001 1617 1089 1687 fuere
1111 1621 1140 1686 ei
1164 1643 1248 1701 cara,

135 1735 212 1800 haec
229 1735 311 1801 vitae
332 1732 579 1803 oblectamenta.
601 1733 676 1802 Plus
695 1754 781 1802 amat
799 1735 900 1802 ridere
919 1758 1017 1824 quam
1036 1725 1160 1817 canere,
1181 1734 1251 1823 plus

84 1923 89 1929 .
133 1846 266 1915 illudere
284 1871 383 1936 quam
400 1846 491 1917 illudi
513 1874 521 1917 ε
543 1871 611 1915 non
626 1849 726 1916 homo
742 1868 791 1917 est
809 1852 877 1917 sine
896 1872 1020 1938 sapore.

666 2096 721 2166 111.

180 2290 294 2378 Neque
321 2314 360 2358 eo
385 2291 452 2359 risu
477 2279 648 2359 cnntentus
672 2309 720 2358 est
745 2312 855 2379 quem,
886 2314 960 2358 cum
985 2291 1037 2358 vix
1062 2288 1253 2360 diducantur

135 2405 233 2489 labra,
267 2409 449 2495 conjectura
489 2424 615 2474 tantum
638 2407 785 2495 augurari
813 2407 927 2495 possis.
959 2408 1008 2474 Fir
1036 2405 1199 2475 interdum
1219 2427 1254 2475 ut

137 2544 266 2588 carmen
295 2521 346 2589 vel
377 2522 605 2611 gravissimum
628 2540 759 2609 repente
781 2519 820 2589 ad
849 2522 1062 2590 imitationem
1087 2522 1254 2590 ridiculam

138 2655 251 2704 vertat.
272 2636 334 2704 Hic
359 2634 459 2718 dolet,
483 2660 517 2704 se
539 2638 646 2703 somni
671 2637 802 2725 inopem
829 2637 1009 2719 miseratur,
1031 2635 1090 2704 sibi
1117 2656 1255 2704 mortem

138 2750 318 2819 remedium
341 2773 409 2818 esse
439 2749 598 2819 malorum
620 2774 696 2818 mox
721 2750 790 2819 fore
806 2749 967 2839 praedicat
992 2770 1052 2818 :at
1078 2751 1195 2818 desinit
1221 2753 1255 2818 in
1349 2784 1354 2795 =

140 2867 259 2953 piscem
265 2916 331 2932 .....

383 2981 438 3046 Ma
457 2978 526 3047 bele
541 2979 643 3049 douce
663 2983 756 3063 anie,

386 3095 430 3161 La
445 3116 522 3162 rose
538 3113 586 3162 est
605 3097 753 3182 espanie3

387 3210 514 3276 Desous
527 3208 625 3275 l’ente
642 3207 745 3292 florie,
764 3246 767 3250 ·

386 3324 432 3391 La
448 3343 556 3391 vostre
571 3325 762 3413 compagnie

389 3439 445 3506 Me
462 3437 519 3505 fait
534 3436 614 3506 molt
632 3458 725 3527 grant
739 3448 805 3522 a'r‘e3

387 3555 456 3621 Vos
470 3555 554 3620 seres
573 3553 647 3621 bien
662 3555 764 3622 servie

389 3669 437 3734 De
450 3688 553 3735 crasse
571 3690 611 3735 oe
627 3669 725 3735 rostie

389 3783 429 3849 Et
440 3780 577 3849 bevrons
596 3784 651 3849 vin
666 3805 718 3849 sor
737 3781 790 3866 lie,

391 3897 423 3963 Si
442 3919 596 3964 menrons
615 3897 698 3965 bone
712 3899 775 3964 vie.

192 4033 258 4102 Illic
278 4037 473 4126 pomarium,
496 4040 529 4104 in
554 4061 619 4126 quo
642 4039 709 4107 visa
728 4057 778 4105 est
793 4057 866 4106 ante
885 4039 996 4107 oculos
1019 4038 1142 4108 adstare
1158 4044 1262 4131 puella

1190 4159 1201 4196 i

1183 4552 1328 4648 „P
