2782 4980
462 427 698 522 .-61-

55 593 88 637 se
105 593 140 637 ac
156 569 274 638 fortem
288 570 322 635 in
340 569 457 657 pugnis
471 564 554 656 apud
569 566 775 634 Stenimacon
790 584 822 633 et
836 563 1083 652 Andrinopolim
1099 590 1169 654 ges-

54 686 116 766 sit;
137 683 188 751 hic
205 683 334 751 tandem
350 684 468 764 vimm,
487 680 540 748 hic
552 679 688 747 militem
707 703 873 768 agnosces.
892 680 1024 768 Saepius
1039 680 1170 769 quidem

26 872 29 879 ,
54 797 182 879 dicitur,
202 820 262 865 nec
285 820 344 865 nos
363 795 453 878 fallit,
475 796 640 863 cantiones
661 793 790 862 easdem
810 793 878 861 illas
900 792 939 862 de
960 793 1045 862 bello
1064 818 1168 877 sacre,

55 914 91 980 in
110 911 226 1003 quibus
249 934 359 978 amans
378 912 497 978 amicae
521 932 653 999 gemens
675 908 864 976 maledicere
887 908 980 997 splet,
1005 931 1170 976 commen·

56 1028 148 1094 ticias
166 1049 247 1094 esse.
266 1024 414 1115 Vulgaris
432 1025 524 1108 haec,
545 1042 582 1091 ut
598 1024 698 1105 aiunt,
722 1042 755 1090 et
772 1041 941 1112 pervagata
961 1022 1169 1092 declamatio!

58 1127 144 1221 Quis
163 1159 270 1210 autem
289 1138 450 1208 subridere
468 1139 557 1221 velit,
577 1141 603 1205 si
625 1139 808 1206 meminerit
827 1139 961 1205 minime
982 1140 1173 1206 commenti-

58 1258 125 1322 cios
144 1279 212 1324 esse
235 1255 382 1322 Cononis
401 1276 524 1336 versus,
546 1255 601 1342 qui
628 1275 736 1320 revera
754 1254 865 1321 Accon
885 1251 1045 1342 profectus
1065 1252 1172 1331 fuerit,

58 1390 90 1437 et
110 1372 267 1458 posterius
285 1391 374 1436 arma
392 1369 533 1450 Graecis,
553 1366 780 1436 Blachensibus
798 1387 829 1437 et
849 1367 1038 1436 Lombardis
1057 1366 1174 1435 intule-

57 1487 122 1552 rit?
140 1486 231 1565 Quin
249 1487 329 1568 imo,
351 1485 378 1552 si
396 1502 445 1552 tot
461 1502 493 1550 et
514 1499 599 1550 tanta
620 1481 804 1549 discrimina
821 1484 980 1550 memoria
1000 1484 1172 1571 repetieris,

58 1600 121 1667 hos
134 1622 245 1667 versus
262 1621 329 1666 non
347 1599 418 1666 sine
436 1595 644 1665 admiratione
663 1593 801 1686 quadam
816 1615 848 1666 et
866 1595 1082 1666 misericordia
1100 1621 1171 1686 per-

58 1713 146 1804 leges
166 1710 245 1803 (IV)
267 1739 274 1781 :

238 1856 278 1922 Ki
294 1854 347 1922 chi
365 1878 407 1922 ne
425 1872 500 1923 veut
518 1853 609 1921 avoir
625 1854 678 1922 vie
691 1853 856 1937 anoieuse‚

239 1971 272 2039 Si
289 1970 373 2039 voist
391 1991 451 2058 por
466 1969 538 2037 Deu
558 1970 660 2036 morir
677 1967 735 2036 lies
748 1985 781 2037 et
793 1969 906 2057 joieus,

238 2086 286 2152 Ke
299 2083 390 2152 chele
405 2106 493 2152 mors
507 2102 555 2151 est
570 2082 694 2158 douche
708 2101 741 2151 et
754 2105 923 2151 savoreuse

239 2201 329 2268 Dont
342 2221 386 2266 on
401 2198 546 2267 conkiert
560 2197 589 2266 le
602 2221 698 2287 regne
713 2197 891 2286 prechieus,

236 2315 288 2383 Ne
306 2316 336 2402 ja
354 2311 394 2381 de
414 2332 499 2381 mort
518 2313 592 2381 n'en
612 2315 621 2380 i
638 2335 746 2380 morra
765 2337 826 2381 uns
843 2337 927 2396 seus,

239 2431 318 2496 Ains
336 2431 512 2497 nalsteront
529 2452 569 2496 en
587 2429 637 2496 vie
656 2426 827 2527 glorieuse.

241 2542 282 2608 Ki
296 2564 428 2609 revenra
446 2561 539 2610 mout
555 2561 625 2608 sera
648 2551 762 2610 eureus
784 2567 792 2609 :

239 2657 269 2723 A
285 2675 358 2724 tous
376 2658 465 2744 jours
484 2657 565 2724 mais
580 2679 620 2722 en
634 2657 695 2722 iert
710 2655 857 2724 honours
871 2655 1042 2746 s’espeuse.

107 2799 180 2865 Hoc
198 2796 312 2865 saltem
334 2819 393 2886 pro
412 2816 498 2866 certo
517 2795 704 2881 habeamus,
729 2821 894 2887 nunquam
914 2801 1081 2867 materiem
1101 2802 1177 2869 scri-

61 2910 159 2979 bendi
182 2911 373 3000 ampliorem
391 2914 495 3001 poetis
516 2914 713 3000 propositam
734 2912 830 2980 fuisse
851 2937 949 3002 quam
971 2915 1005 2980 in
1027 2912 1089 2983 illis
1111 2939 1177 2983 car·

62 3025 205 3094 minibus
220 3049 303 3115 quae
321 3028 402 3094 circa
416 3024 536 3094 bellum
553 3049 679 3094 sacrum
697 3025 914 3096 versabantur.
935 3027 979 3095 Ea
994 3031 1083 3097 enim
1097 3047 1178 3098 tem·

60 3160 184 3232 pestate
206 3165 308 3210 novos
330 3143 432 3209 animi
456 3161 562 3209 motus
587 3165 692 3210 rerum
712 3160 744 3210 et
764 3140 921 3211 bellorum
941 3145 1025 3213 vices
1048 3169 1087 3213 ex
1105 3148 1179 3214 imis

61 3254 253 3346 praecordiis
266 3258 356 3347 quasi
369 3280 408 3325 ex
421 3255 594 3325 vivofonte
605 3256 793 3325 elicuerunt.
809 3257 906 3327 Tunc
916 3259 1058 3348 primum
1072 3281 1180 3349 poeta·

64 3393 137 3440 rum
145 3373 292 3439 animum
303 3373 337 3439 in
346 3372 520 3440 contrarias
528 3391 632 3461 partes
644 3370 857 3441 distraxerunt
864 3372 1077 3464 hinccupido‚
1090 3376 1179 3444 illinc

65 3484 221 3569 officium,
238 3485 315 3554 hinc
326 3487 493 3568 terrestris,
511 3484 597 3555 illinc
612 3485 738 3556 divinus
753 3509 862 3572 amor;
879 3511 918 3556 ex
931 3488 1047 3578 quibus
1062 3491 1181 3560 scilicet

65 3598 221 3669 molestiis
239 3619 271 3669 et
289 3600 580 3691 perturbationibus
600 3624 704 3670 novus
725 3603 828 3690 poetis
850 3600 977 3671 additus
1000 3622 1031 3672 et
1054 3607 1181 3693 penitus

64 3715 182 3785 infixus
200 3714 294 3784 dolor
304 3741 315 3799 ;
335 3715 422 3798 hinc,
444 3714 647 3784 suadentibus
661 3720 744 3814 veris
762 3718 861 3785 animi
879 3717 1079 3803 cruciatibus,
1096 3719 1181 3789 didi-

65 3850 179 3900 cerunt
201 3833 323 3899 sincere
348 3830 463 3900 flebilia
485 3832 625 3898 carmina
650 3828 812 3901 effundere
837 3833 958 3920 etipsa
981 3833 1181 3923 aegritudine

65 3965 176 4035 pectus
191 3945 348 4014 aluerunt.
366 3947 442 4014 Non
456 3947 552 4035 igitur
565 3944 844 4030 declamationem,
861 3971 927 4016 non
942 3947 1097 4036 ampullas
1112 3952 1181 4037 jure

64 4062 135 4150 quis
146 4059 300 4149 objiceret
313 4080 424 4150 poetae
437 4063 588 4151 ingenuo,
604 4064 671 4150 qui,
688 4063 722 4129 in
736 4062 892 4157 lacrymas
907 4063 1024 4131 effusus
1038 4062 1182 4155 (plorana
