2782 4980
663 377 840 425 ...12-

233 494 351 564 Paulus
372 496 405 563 de
429 496 543 564 Musset
566 498 731 567 innocenti
756 499 884 569 fictione
905 502 1034 588 stirpem
1056 499 1229 566 ementitus
1246 515 1308 578 est,

190 608 264 679 curn
282 611 414 679 asseruit
433 613 516 679 sein
536 614 695 701 majorum
713 632 879 682 stemmate
899 612 1072 704 superbum
1088 611 1166 680 illud
1184 634 1312 679 nornen

192 723 462 809 animadvertisse,
485 724 523 794 de
547 752 612 818 quo
635 727 776 818 misellus
798 746 907 797 noster
925 729 1091 817 joculator,
1115 727 1175 794 nisi
1198 725 1310 804 fallor,

192 840 310 909 risisset
333 860 340 906 :
364 841 454 910 Colin
472 842 505 909 de
521 843 657 911 Musseti
676 844 786 933 Longe
804 860 911 912 tamen
930 841 1018 911 abest
1037 861 1073 910 ut
1090 841 1209 909 fabulas
1232 843 1313 910 istas

193 957 340 1044 princeps
359 957 567 1024 somniaverit
580 957 675 1025 frater
689 959 856 1027 amantior.

236 1071 320 1156 lam,
342 1093 427 1140 anno
450 1072 726 1155 MDCCLXXIX,
747 1071 891 1140 narrabat
913 1073 947 1139 de
968 1073 1100 1160 Paulmy
1123 1094 1189 1161 quo
1213 1088 1314 1158 pacto

192 1183 402 1254 Theobaldus
418 1187 610 1276 Campaniae
623 1210 744 1270 comes,
761 1184 930 1255 errabundi
945 1186 1128 1275 joculatoris
1145 1205 1315 1274 pauperta-

194 1319 260 1369 tem
281 1303 447 1371 miseratus
468 1304 697 1392 ingeniumque
718 1305 860 1384 miratus,
887 1301 1061 1373 Nicolaum
1085 1303 1252 1369 Musetum
1279 1301 1315 1367 in

194 1414 330 1485 domurn
349 1436 380 1484 et
400 1418 583 1486 societatem
603 1442 694 1486 suam
712 1418 874 1506 pellexerit
896 1443 902 1485 :
923 1417 1008 1486 haud
1029 1418 1209 1496 immerito,
1232 1439 1313 1482 nam

193 1530 347 1600 fecundus
364 1531 416 1601 ille
432 1532 542 1601 artifex
555 1552 585 1600 et
597 1534 745 1601 inventor
759 1531 824 1601 duo
842 1551 1027 1622 poematum
1043 1554 1158 1620 genera
1173 1552 1313 1619 pepere-

197 1665 257 1729 rat,
272 1646 432 1715 saltatoria
447 1647 587 1716 carmina
599 1668 630 1716 et
644 1647 860 1716 cantiunculas
872 1671 950 1736 quas
963 1645 1144 1717 vaudeviller
1156 1644 1309 1713 dicimus.

199 1761 321 1842 Quare,
345 1760 523 1829 Theobaldi
549 1765 630 1850 regis
656 1763 763 1830 favore
786 1761 866 1830 adeo
889 1761 1098 1850 locupletatus
1120 1780 1167 1827 est
1192 1782 1317 1849 egenus

197 1876 250 1942 ille
268 1874 423 1944 Nicolaus
444 1878 499 1964 qui
518 1876 645 1945 sedibus
664 1879 794 1945 incertis
815 1875 916 1967 pridie
936 1874 1105 1964 vagabatur
1124 1896 1157 1942 ut
1182 1896 1316 1963 sumptu

199 1993 321 2080 privato
337 1988 431 2058 aedes
447 1991 563 2059 Sancto
577 1992 704 2079 Juliano
721 1995 906 2059 exstruxerit
922 2011 952 2058 et
965 1991 1152 2057 dicaverit1.

201 2235 280 2291 dece
303 2239 392 2308 prince
410 2251 435 2292 et
456 2256 501 2292 sur
521 2239 558 2293 les
578 2240 693 2293 siennes.
716 2238 738 2292 Il
758 2238 840 2292 fallait
862 2253 913 2308 que
932 2252 960 2290 sa
980 2236 1128 2306 re'putation
1149 2233 1190 2288 stit
1203 2234 1318 2305 grande,

200 2323 310 2393 puisque
322 2322 360 2376 les
377 2323 522 2394 sculpteurs
535 2323 644 2395 charges
658 2322 764 2377 d’orner
778 2323 802 2376 le
819 2320 911 2392 portail
928 2320 961 2373 de
975 2319 1149 2390 Saint-Julien
1164 2319 1209 2370 des
1224 2319 1321 2371 Mene·

200 2406 284 2470 triers,
303 2409 318 2459 al
335 2405 419 2472 Paris,
437 2424 456 2479 y
474 2405 606 2478 placerent
621 2424 649 2461 sa
663 2420 747 2461 statue
764 2421 789 2461 et
805 2405 868 2460 celle
883 2404 916 2457 de
935 2420 963 2457 sa
978 2402 1087 2466 femme,
1103 2402 1159 2472 qui,
1180 2417 1321 2471 apparem-

200 2503 283 2555 ment,
300 2490 419 2545 cultivait
432 2493 501 2545 aussi
513 2491 538 2545 la
555 2493 686 2563 musique.
706 2492 781 2545 Ainsi
795 2492 850 2545 l'on
867 2502 929 2561 peut
944 2501 1079 2542 remonter
1095 2484 1213 2557 jusqu’au
1229 2497 1321 2555 temps

201 2572 233 2626 de
245 2573 269 2626 la
284 2574 356 2627 reine
369 2573 483 2629 Blanche
496 2592 562 2646 pour
574 2588 681 2628 trouver
693 2574 818 2627 l’instinct
832 2576 863 2627 de
875 2573 899 2626 la
912 2573 1001 2643 poesie
1015 2583 1041 2625 et
1054 2569 1078 2624 le
1089 2573 1155 2640 godt
1167 2568 1213 2621 des
1228 2567 1321 2622 lettres

202 2657 286 2728 parmi
299 2658 336 2711 les
351 2657 505 2712 ascendants
519 2658 635 2713 d’Alfred
649 2659 683 2711 de
695 2659 803 2710 Musset.
819 2678 833 2707 »

243 2758 265 2795 1.
286 2742 402 2813 Marquis
419 2743 451 2795 de
467 2742 590 2814 Paulmy,
608 2741 733 2810 Mllanges
751 2743 810 2794 tire's
828 2741 901 2793 d'une
913 2739 1008 2810 grande
1027 2737 1190 2807 bibliotheque.
1211 2735 1322 2805 Aliquid

204 2825 310 2895 insuper
321 2825 355 2878 ad
370 2826 467 2879 Museti
482 2825 594 2896 gloriam
609 2823 722 2877 contulit
734 2823 762 2876 de
778 2823 891 2894 Paulmy‚
905 2825 951 2893 qui
966 2839 1051 2875 unum
1064 2835 1158 2891 poetae
1170 2819 1253 2871 nostri
1265 2835 1324 2872 car·

203 2925 267 2962 men
283 2909 517 2962 reconcinnaverit.
533 2909 640 2979 Insigne
653 2919 679 2960 et
693 2907 884 2961 subridiculum
900 2907 986 2960 octavi
1004 2905 1099 2959 decimi
1116 2902 1204 2957 saeculi
1219 2901 1324 2954 studio-

204 3008 263 3045 rum
282 2993 426 3063 specimen,
445 2992 545 3063 aliquot
564 2992 637 3045 istius
655 2990 806 3045 resectionis
826 3008 917 3044 versus
935 2989 1031 3043 referre
1050 2988 1136 3052 liceat,
1159 3002 1225 3058 quos
1247 2987 1325 3039 aviae

204 3090 308 3130 nostrae
324 3076 420 3131 eodem
437 3075 524 3130 favore
541 3092 594 3146 quo
612 3075 721 3128 comitis
738 3075 766 3128 dr
783 3076 886 3129 Trisson
900 3073 980 3127 libros
999 3074 1055 3126 sine
1073 3072 1154 3126 dubio
1170 3080 1325 3140 prosecutae

204 3172 266 3214 sunt
281 3171 307 3214 et
321 3160 479 3214 mollissimo
492 3160 583 3213 animo
596 3159 714 3213 cecinere
728 3178 734 3212 :

277 3297 391 3351 Chamon
405 3298 433 3351 de
445 3297 519 3352 Calin
533 3297 637 3363 Musset,
652 3298 736 3350 remise
750 3314 779 3349 en
786 3297 897 3367 franceis
905 3303 954 3365 par
968 3294 1009 3347 M.
1025 3293 1054 3345 de
1067 3293 1097 3345 P.

455 3407 542 3460 «Des
555 3405 635 3477 qu’en
650 3423 687 3459 un
700 3405 811 3459 chateau
827 3404 1017 3474 d’importance

454 3491 582 3561 Apparoit
596 3490 620 3544 le
633 3492 685 3543 bon
701 3488 852 3553 menestrel,

455 3574 575 3627 Aussitdt
587 3572 611 3626 le
624 3576 717 3627 maitre
729 3570 828 3625 d’hotel

454 3656 588 3728 S’apprete
602 3660 617 3709 a
631 3656 742 3710 doubler
756 3655 781 3709 la
795 3654 960 3718 bombance3

454 3741 491 3794 Le
503 3741 627 3811 seigneur
639 3753 693 3793 met
708 3756 757 3793 son
772 3739 838 3792 beau
852 3736 960 3803 mantel,

456 3823 494 3876 La
509 3823 587 3877 dame
602 3841 630 3876 sa
642 3823 709 3876 belle
723 3836 891 3885 attornance3

457 3907 566 3960 Partout
578 3907 596 3959 il
610 3905 655 3960 fait
670 3923 708 3959 un
720 3906 803 3976 grand
815 3903 885 3970 effet,

457 3990 493 4047 Le
504 3991 645 4047 menestrel
657 3990 736 4047 Colin
749 3991 846 4047 Muset.
