2782 4980
115 512 173 588 ait,
192 506 292 575 colorl.
308 508 405 576 Nunc
422 509 573 575 courtoist'e
588 510 724 597 scripsit,
744 530 829 575 nunc
844 524 951 574 autem
969 507 1115 588 moine,
1129 507 1224 572 cortoi-

115 640 158 701 se;
176 642 263 688 nunc
279 632 372 703 orout,
390 633 463 702 tout,
485 644 570 690 nunc
597 635 641 707 toa
667 623 750 710 jors;
783 618 860 687 alias
883 619 997 706 douten
1026 619 1106 686 alias
1134 619 1223 704 volup

117 731 215 802 modo
227 746 354 818 trouver,
374 732 473 803 modo
490 737 599 816 volatu
622 734 722 803 modo
743 758 827 815 vous,
848 732 1010 802 interdum
1031 751 1144 802 autem
1161 756 1225 815 oos;

117 848 245 917 interim
256 870 374 930 onaour,
391 851 519 918 interim
530 871 640 932 amors,
657 861 895 917 omoreuscnunt.
910 849 997 918 Cum
1011 867 1121 917 autem
1135 849 1228 915 Nico

114 961 183 1031 laus
198 961 293 1031 verba
305 985 402 1045 amor,
412 962 514 1052 βω.
535 986 542 1030 :
564 989 607 1047 or,
626 966 659 1032 in
677 987 831 1033 versuum
851 962 1001 1032 clausulis
1018 965 1226 1031 consociave-

118 1078 169 1158 rit,
190 1075 317 1166 expedit
331 1077 601 1168 simplicissimam
617 1081 806 1169 scripturam
825 1102 841 1147 o
860 1081 1012 1169 recipere.
1103 1074 1109 1081 ’

161 1189 212 1280 4⁰)
233 1192 318 1260 Cum
339 1216 466 1261 summa
491 1196 700 1284 temperantia
725 1217 852 1262 necnon
882 1192 1033 1262 laudabili
1062 1195 1098 1262 in
1126 1195 1231 1282 gemi-

117 1304 232 1375 nandis
251 1306 363 1375 litteris
378 1331 452 1376 usus
467 1309 507 1375 sit
522 1308 622 1377 scriba
651 1307 773 1398 (parole,
794 1309 915 1390 scutale,
942 1307 1148 1398 boucheto...),
1176 1331 1233 1376 nec

118 1419 178 1489 sibi
192 1438 298 1489 tamen
310 1422 384 1489 satis
397 1439 598 1490 constantem
611 1446 643 1491 se
655 1423 834 1511 praebuerit
844 1420 1073 1511 (guerredonnd
1084 1421 1221 1512 ville...)

119 1532 294 1623 duplicatas
307 1534 425 1604 litteras
444 1538 538 1625 rejeci
559 1560 687 1605 omnes.

164 1648 216 1738 5⁰)
235 1650 367 1717 Formas
380 1650 519 1740 chopiau,
540 1650 624 1733 blau,
646 1650 765 1719 scribae
790 1670 903 1719 nostro
922 1670 1040 1734 suetas,
1067 1651 1235 1740 repudiavi

119 1761 246 1850 (conset
259 1787 355 1852 supra
371 1762 682 1834 animadversionem
701 1763 793 1854 VH.)

165 1880 223 1946 llis
240 1878 388 1947 adhibitis
406 1883 678 1968 temperamentis,
695 1882 887 1969 scripturam
911 1878 1030 1947 codicis
1052 1881 1185 1968 parisini
1200 1880 1238 1945 P¹

120 2011 300 2062 constanter
319 1995 434 2062 retinui
448 1992 559 2083 (Deus,
575 1995 667 2076 aurii,
685 2016 738 2076 au,
756 1995 810 2077 du,
828 1992 953 2084 etc...).

166 2109 216 2176 Sic
244 2108 487 2197 orthographiae
511 2111 667 2176 rationem
688 2110 823 2189 institui,
854 2132 922 2177 non
945 2109 1142 2178 tutissimam
1164 2110 1239 2197 qui-

121 2221 207 2303 dem,
223 2245 303 2312 quae
317 2241 425 2290 tamen
439 2222 489 2291 vel
504 2223 631 2292 Nicolai
646 2224 746 2312 ipsius
759 2221 998 2304 consuetudini,
1024 2222 1077 2290 vel
1097 2224 1239 2310 scriptu-

121 2360 172 2405 rae
186 2338 279 2405 unius
290 2336 409 2405 codicis
424 2335 631 2427 ejusdemque
646 2336 721 2405 boni
738 2339 811 2405 sutis
821 2355 1034 2405 consentanea
1049 2359 1117 2403 esse
1129 2335 1240 2404 videa·

121 2472 183 2520 tur.
201 2452 265 2520 Etsi
281 2451 430 2521 seduliter
448 2455 625 2521 curaverim
641 2472 676 2520 ut
694 2453 826 2540 hujusce
845 2450 995 2521 editionis
1006 2449 1241 2539 orthographia

121 2566 179 2634 sibi
193 2590 291 2655 quam
310 2568 566 2635 constantissime
585 2571 789 2650 consentiret,
803 2587 909 2636 tamen
930 2591 999 2635 non
1015 2566 1121 2656 plures
1139 2569 1241 2636 vitavi

124 2680 299 2749 maculas«
326 2704 403 2770 quas
423 2683 545 2751 incuria
568 2681 650 2750 fudit
668 2707 698 2750 n.
722 2685 835 2772 Atqui,
863 2704 937 2751 cum
961 2681 1042 2749 nihil
1069 2683 1240 2770 antiquius

123 2792 272 2862 haberem
288 2818 385 2883 quarn
400 2797 570 2884 scripturae
583 2798 677 2865 tertio
693 2796 818 2865 decimo
833 2796 959 2865 saeculo
974 2798 1106 2865 usitatae
1122 2798 1240 2885 imagi-

123 2932 198 2975 nem
220 2908 393 2998 quamdam
417 2908 560 2994 reddere,
584 2934 693 2978 nonne
717 2914 843 3000 propria
870 2929 918 2978 est
943 2910 1039 2999 hujus
1060 2911 1239 2998 scripturae

123 3025 256 3090 varietas
272 3043 302 3091 et
316 3026 454 3112 ingenua
468 3023 615 3093 libertas?
631 3027 661 3092 ls
676 3025 807 3114 quidem
823 3049 895 3094 mos
910 3026 1037 3092 incessit
1050 3045 1097 3105 ut,
1113 3025 1146 3090 in
1159 3047 1240 3113 ope-

124 3136 209 3204 ribus
225 3137 404 3208 mediiaevi
428 3141 533 3207 critice
554 3137 698 3221 edendis,
723 3139 838 3207 iisdem
871 3137 1125 3228 orthographicis
1158 3161 1243 3206 con-

123 3254 227 3320 ventis
242 3251 325 3321 affixi
345 3272 429 3321 stent
447 3251 575 3334 eruditi,
597 3251 814 3342 eumdemque
829 3252 1007 3342 pactumab
1027 3253 1120 3320 initio
1136 3275 1242 3340 usque

125 3365 281 3435 adfinem
300 3369 474 3435 castissime
492 3387 629 3436 servent.
647 3369 702 3435 Isti
726 3366 965 3450 consuetudini,
983 3389 1181 3456 quanquam,
1204 3385 1242 3434 ut

124 3481 250 3568 opinor,
269 3479 425 3569 rigidiori,
444 3480 579 3549 libenter
599 3480 773 3549 obsecutus
794 3504 879 3548 sum.
898 3481 931 3548 Si
945 3500 1053 3547 tamen
1072 3477 1188 3546 accidit
1203 3499 1241 3547 ut

125 3594 317 3662 vocabulum
338 3619 439 3665 unum
458 3613 489 3663 et
507 3593 594 3663 idem
608 3594 740 3664 diversis
753 3594 860 3663 modis
879 3592 1062 3674 scriberem,
1079 3592 1141 3661 hoc
1156 3592 1241 3659 sola-

126 3711 172 3777 tio
190 3708 339 3777 facillime
353 3731 423 3779 utar
445 3708 532 3800 quod
555 3729 677 3799 praeter
705 3732 843 3799 aequum
867 3728 899 3777 et
924 3707 1047 3776 bonum
1071 3706 1242 3775 inflexibili

125 3847 255 3891 normae
269 3843 375 3892 vetera
388 3821 543 3893 vocabula
558 3824 746 3913 subjicimus
764 3825 969 3906 recentiores,
999 3823 1120 3910 priscae
1142 3819 1242 3889 liber-

126 3939 180 4005 tati
196 3957 330 4006 assueta.
354 3939 434 4006 boni
455 3936 585 4006 editoris
608 3957 712 4027 partes
736 3961 805 4006 esse
829 3936 967 4004 arbitror
990 3933 1239 4003 similitudinem

126 4049 285 4141 diligentis
304 4052 468 4142 cujusdam
488 4050 587 4120 medii
607 4054 676 4120 aevi
695 4052 815 4119 scribae
838 4051 966 4129 referre,
992 4051 1078 4118 sanis
1103 4045 1239 4138 quidem

125 4166 282 4235 scribendi
302 4167 418 4256 regulis
433 4169 560 4248 assueti,
583 4189 648 4234 non
664 4184 772 4234 tamen
788 4164 938 4233 adstricti.

19 4428 216 4664 Ν
