2782 4980
592 347 792 413 ..113-

364 464 395 518 Li
409 480 469 520 escu
484 477 544 518 sont
556 465 672 535 perchiet
685 477 711 518 et
726 464 805 519 l'asur
817 482 850 520 en
864 466 983 530 dumetum

365 546 423 602 Mez
435 546 454 601 li
466 547 580 603 hauberc
594 560 655 602 sont
668 548 720 602 fort
733 561 760 602 et
774 550 842 603 serre
857 548 1008 614 duremenn

367 630 394 684 Si
404 630 548 703 qu'enpirie
558 648 592 686 ne
604 644 666 687 sunt
675 649 709 686 ne
719 631 806 686 maille
817 632 879 685 n'en
891 633 1005 688 dermmt.

489 715 575 784 (Doon
589 715 617 768 dc
629 716 750 782 Maitona,
767 713 800 769 cf.
817 713 964 786 Godefroy,
978 732 999 768 s.
1016 732 1043 770 v.
1058 716 1215 785 desnunlir.)

171 840 205 851 -
218 811 253 865 V.
268 811 313 876 48.
331 839 366 852 -
384 811 434 866 Nu
448 828 492 882 que
503 812 569 883 piore
584 812 727 867 d’aiemant.
743 843 778 853 -
795 810 878 875 Quod
894 812 994 883 duplici
1009 812 1091 867 modo
1103 812 1251 885 intelligere

133 905 232 963 potes:
254 907 282 947 1⁰
305 896 356 947 ncis
369 910 413 964 qua
430 915 466 944 =
483 912 532 947 non
545 898 624 966 nugis
646 911 730 967 quam.
747 925 781 935 -
796 916 810 946 u
824 894 881 948 Nec
901 894 1003 949 facilius
1017 896 1149 966 rumpitur
1169 914 1250 968 quam

134 993 245 1050 magnes
255 976 336 1048 lapis;
351 997 365 1028 >r
376 994 443 1048 quae
453 989 543 1031 autem
557 979 721 1050 comparatio
731 996 793 1032 curn
806 977 1005 1032 simIlitudInee
1020 978 1101 1033 lorica
1111 978 1250 1051 desumpta

134 1077 229 1131 parum
240 1061 371 1132 congruit.
388 1074 418 1115 2⁰
428 1061 483 1116 Nes
499 1063 547 1131 (=
558 1062 680 1132 nitidus),
694 1078 746 1133 que
760 1063 901 1132 (=com).
917 1060 1049 1115 «Nitidus
1065 1074 1095 1114 ur
1104 1060 1218 1117 adamas.
1234 1084 1248 1113 u

133 1142 178 1198 Cf.
192 1144 234 1198 En
247 1143 271 1197 la
279 1157 354 1214 porte
373 1143 398 1198 le
412 1144 475 1198 mist
484 1145 568 1216 qu'est
584 1144 651 1199 forte
662 1163 706 1217 que
721 1144 827 1199 beffrois
843 1145 933 1215 (Huon
946 1144 1031 1215 Caput,
1050 1146 1106 1215 35).
1122 1145 1178 1207 Qui
1189 1159 1251 1200 sont

135 1225 187 1281 fort
197 1245 240 1298 que
254 1229 351 1282 mastin
370 1229 443 1298 (ibid.
469 1230 541 1297 125).
558 1229 613 1292 Qui
634 1241 673 1282 est
688 1228 780 1284 blance
794 1228 969 1299 qu'aubespin
984 1228 1056 1297 (ibid,
1075 1230 1148 1297 125),
1162 1241 1212 1283 etc.

172 1354 206 1365 -
224 1324 257 1377 V.
281 1339 324 1397 49.
345 1324 384 1377 De
406 1325 571 1396 Waignonrut
591 1326 616 1378 ln
634 1325 757 1378 m'enroie.
777 1356 813 1366 -
828 1324 914 1378 Terbe
930 1325 987 1394 (loc.
1007 1325 1066 1393 cit.)
1085 1336 1111 1378 et
1130 1325 1160 1380 P.
1178 1325 1250 1378 Paris

136 1407 220 1477 (Hist.
235 1408 296 1474 ritu,
310 1421 329 1461 t.
344 1408 442 1473 XXIII,
454 1426 479 1479 p.
494 1410 557 1478 550)
568 1408 594 1461 id
610 1410 770 1480 scripserunt
784 1409 857 1480 quod
869 1409 897 1462 in
911 1408 999 1462 codice
1011 1407 1128 1479 legerant
1145 1427 1151 1461 :

490 1492 531 1546 De
545 1492 725 1564 Waignonrut
739 1494 763 1545 lu
780 1494 887 1545 memoia

488 1574 513 1628 A
526 1575 683 1630 Widemont
695 1576 893 1631 maintenant...

171 1654 298 1712 Videlicet
307 1659 417 1712 verbum
427 1676 506 1712 mem
514 1659 565 1712 illis
575 1659 734 1725 occurrebat,
744 1671 769 1713 et
781 1659 978 1731 intelligebant:
990 1658 1153 1713 Cantionem
1162 1675 1251 1715 meam

136 1741 188 1810 (la)
200 1742 233 1795 ad
246 1741 474 1797 Vadanimontem
488 1742 596 1797 ducerem
605 1743 745 1813 (menroie).
760 1773 793 1782 -
803 1743 840 1797 At
849 1744 878 1796 in
887 1759 1002 1796 errorem
1015 1741 1087 1796 ducti
1101 1755 1173 1818 sunt,
1187 1759 1250 1796 curn

136 1837 214 1896 poeta
226 1837 315 1880 noster
326 1839 398 1880 certo
407 1825 608 1897 significaverit:
623 1826 687 1880 illuc
696 1825 749 1896 (la)
764 1827 815 1881 iter
829 1825 914 1897 dirigo
927 1825 1093 1897 (m'enroie).
1107 1824 1149 1881 cf.
1163 1824 1252 1880 Gode·

136 1907 204 1980 frny,
221 1926 242 1963 s.
256 1927 282 1965 v.
299 1911 393 1962 enroier
410 1928 416 1963 :

437 1992 509 2047 Ches
521 1993 586 2048 deus
597 1992 687 2048 dames
700 1984 761 2046 bien
775 1991 944 2047 l’enroierent

438 2075 478 2128 En
490 2075 559 2130 bone
571 2074 608 2129 foi
620 2089 645 2129 et
656 2075 815 2129 I'avoierent

437 2160 462 2212 A
477 2158 526 2212 che
540 2172 646 2213 trouver
659 2175 711 2230 que
724 2159 742 2212 il
754 2159 865 2229 queroit.

849 2241 968 2311 (Maraeu
978 2241 1007 2293 ue
1020 2242 1085 2294 saint
1098 2227 1180 2309 broi.)

174 2366 207 2376 -
217 2336 252 2390 V.
266 2349 341 2403 54·5.
354 2367 389 2377 -
400 2337 434 2392 Sa
445 2339 496 2390 voie
509 2369 541 2378 -
553 2338 607 2406 Que
617 2356 664 2392 nus
675 2339 733 2392 bons
745 2357 774 2391 na
788 2339 807 2392 ii
817 2339 911 2409 defferet.
927 2338 979 2403 Sic,
995 2350 1023 2391 ut
1034 2338 1139 2408 opinor,
1153 2337 1252 2392 intelli-

137 2418 257 2491 gendum
273 2439 279 2474 ι
292 2420 444 2475 «Nobiliter
458 2422 526 2476 vitae
537 2422 586 2475 iter
594 2435 699 2477 secutus
711 2435 760 2488 est,
771 2421 843 2494 quod
855 2438 935 2475 nemo
950 2419 987 2474 illi
998 2421 1117 2491 obsepire
1131 2420 1219 2475 audet.
1235 2442 1249 2472 »

137 2503 213 2558 Route
225 2520 254 2556 cn
267 2503 367 2574 desseret,
382 2522 411 2557 en
422 2504 508 2576 desfois
523 2504 556 2559 de
569 2506 610 2558 via
622 2504 724 2571 dicitur,
741 2506 816 2576 cujus
832 2506 915 2558 aditus
932 2503 1080 2575 praeclusus
1095 2517 1143 2557 est.
