2782 4980
663 303 813 370 -g„

183 464 310 511 summa
329 441 495 531 diligentia
514 441 700 527 excoluerit,
727 444 928 534 Segraesium
949 468 967 512 a
988 446 1172 527 Sarraceno‚
1192 447 1304 516 Raca-

183 580 290 625 numa
304 556 493 640 Benserada‚
508 559 576 626 imo
586 558 747 626 interdum
759 559 970 627 Benseradanr
981 583 999 626 a
1011 560 1162 628 Cornelio
1174 584 1301 650 magno

184 671 395 741 discerneret?
414 674 533 741 Nonne
548 672 646 762 judici
665 675 774 742 minus
791 674 967 744 litterarum
985 676 1090 763 perito
1108 697 1214 742 sermo
1243 675 1304 745 ille

182 785 374 857 subridicule
406 806 498 856 sonat
532 811 597 878 quo
632 806 775 856 amantes
805 787 889 878 apud
921 789 1110 859 Cornelium
1139 808 1296 874 utuntur,

182 905 249 971 sive
265 904 393 971 Erastus
406 901 566 992 loquatur,
594 904 660 971 sive
682 903 803 988 Melita,
831 906 896 972 sive
925 905 1023 972 etiam
1046 905 1239 994 Polyeuctus
1262 925 1298 975 et

184 1016 336 1087 Paulina?
359 1019 403 1084 At
425 1015 572 1086 Pleiados
593 1036 720 1087 nostrae
748 1021 850 1108 poetis
877 1022 1102 1089 testimonium
1128 1020 1300 1090 denuntio.

183 1135 356 1205 Innumera
371 1132 410 1201 ad
428 1133 567 1216 Olivam,
589 1134 628 1204 ad
646 1136 809 1220 Melinum,
827 1134 866 1204 ad
882 1137 1019 1218 Deliam,
1038 1135 1076 1205 ad
1094 1139 1301 1220 Franainam²

184 1247 223 1320 ad
260 1248 466 1319 Cassandram
502 1252 644 1318 carmina
671 1250 786 1340 collige
820 1275 828 1318 :
866 1274 975 1319 nonne
1006 1253 1112 1342 primo
1142 1249 1296 1342 adspectu

183 1362 315 1433 eosdem
335 1387 525 1433 communes
544 1363 634 1434 locos
653 1389 671 1433 a
692 1367 836 1434 Petrarca
852 1364 1040 1456 desumptos
1060 1365 1209 1435 videntur
1234 1368 1302 1433 ite-

182 1480 274 1547 rare?
288 1481 423 1568 Propius
438 1496 546 1548 tamen
569 1478 682 1549 accede
708 1501 715 1544 :
739 1481 773 1548 in
800 1480 862 1548 illis
887 1503 1016 1570 quoque
1038 1482 1159 1570 species
1188 1480 1302 1569 plures

185 1591 423 1683 deprehendere
460 1592 583 1678 licebit3
617 1592 709 1663 facile
743 1593 947 1664 Ioachimum
977 1595 1150 1678 Bellaium,
1186 1613 1301 1686 utpote

185 1709 425 1791 humaniorem,
443 1707 481 1776 ab
499 1707 780 1779 alexandrinorum
795 1732 962 1800 poetarum
977 1709 1134 1801 discipulo
1145 1714 1301 1802 Remigio

185 1822 374 1913 Bellaquaeo
389 1822 548 1892 discernes
554 1850 565 1908 ;
585 1825 775 1893 Mauritium
793 1826 939 1906 Scevam,
951 1825 1132 1895 abstrusum
1151 1827 1304 1895 recondi·

184 1958 320 2028 tumque
351 1938 493 2008 Platonis
520 1958 710 2009 sectatorem
736 1942 932 2010 internosces
960 1958 992 2009 et
1014 1940 1175 2010 eruditum
1192 1940 1302 2010 libidi-

184 2077 366 2144 nosumque
380 2052 584 2142 Thyardum.
606 2055 698 2132 Quin
716 2056 827 2139 etiam,
843 2057 870 2123 si
889 2057 985 2124 unius
998 2073 1122 2145 poetae,
1135 2054 1298 2124 Ronsardi

185 2173 317 2255 scilicet,
352 2174 507 2240 amatoria
537 2172 706 2257 evolveris,
737 2197 804 2241 non
830 2172 979 2242 servilem
1007 2175 1127 2241 Laurae
1157 2172 1303 2262 effigiem

185 2307 345 2357 sectantur
359 2306 390 2356 et
406 2286 589 2357 exscribunt
603 2289 719 2370 Maria,
741 2287 931 2371 Cassandra,
957 2289 1080 2356 Helene
1098 2309 1105 2351 ι
1126 2286 1218 2355 facile
1235 2286 1303 2356 dis-

186 2405 309 2472 crimen
334 2401 429 2470 lacies
456 2421 526 2471 turn
553 2405 686 2485 Mariae,
717 2406 865 2486 rusticae,
891 2403 1047 2493 simplicis
1068 2401 1304 2492 morbosaeque

187 2517 321 2608 puellae,
341 2537 410 2586 tum
433 2516 640 2601 Cassandrae,
663 2541 762 2607 quam
783 2517 949 2587 dominam
967 2517 1163 2588 luxuriosius
1186 2519 1304 2586 cecinit

188 2652 293 2722 poeta,
314 2649 384 2700 tum
402 2631 553 2714 Helenes,
582 2655 678 2720 quam
706 2655 802 2700 senex
822 2632 965 2701 molliori
986 2651 1018 2701 et
1036 2632 1241 2723 incorporali,
1266 2652 1305 2703 ut

186 2749 231 2816 ita
244 2746 367 2836 loquar,
382 2768 491 2813 amore
511 2745 675 2835 amplexus
690 2757 769 2815 est1.

232 2863 302 2928 Pari
317 2858 430 2945 modo,
446 2858 502 2928 ubi
517 2859 622 2949 plures
641 2858 945 2950 francogallicorum
955 2860 1127 2950 lyricorum
1143 2858 1305 2929 editiones

188 2974 449 3067 suppeditabunt,
465 2976 580 3044 nonin
595 2973 707 3043 eadem
725 2993 880 3064 perpetuo
899 2974 1019 3043 revolvi
1038 2973 1235 3044 videbuntur
1253 2974 1303 3043 illi

108 3118 110 3124 ·
190 3110 302 3183 poetae
321 3114 401 3179 quos
421 3088 460 3158 ad
481 3088 564 3159 hanc
586 3088 673 3158 diem
690 3091 763 3159 visu
782 3113 817 3157 ac
839 3091 944 3180 specie
969 3089 1189 3180 imprudenter
1208 3092 1309 3157 aesti-

191 3207 363 3274 mavimus

234 3323 307 3390 Hoc
316 3318 471 3410 opusculo
483 3318 604 3408 aliquid
615 3321 746 3389 fortasse
760 3319 800 3389 ad
809 3320 907 3389 istum
917 3318 1018 3388 finem
1028 3318 1171 3387 conferre
1181 3317 1305 3387 licebit.

198 3435 413 3516 Mediocrem,
450 3434 562 3518 fateor,
597 3458 768 3524 personam
796 3432 950 3506 Nicolaus
969 3435 1114 3502 Musetus
1140 3433 1307 3501 sustinuit.

190 3553 305 3642 Neque
329 3553 396 3638 ejus
410 3552 552 3619 carmina
566 3552 731 3640 permagni
750 3572 806 3639 per
822 3573 856 3617 se
875 3550 1045 3632 intersunt,
1067 3571 1174 3637 neque
1189 3548 1215 3613 is
1232 3570 1309 3616 sum

195 3668 252 3756 qui
271 3664 357 3755 quod
374 3667 526 3755 exiguum
544 3683 591 3734 est
609 3663 740 3734 dilatare
754 3663 866 3733 velim.
886 3666 942 3746 At,
961 3662 1100 3732 Nicolao
1123 3661 1309 3748 adjuvante,

232 3903 255 3942 1.
276 3887 318 3942 Sic
330 3886 429 3958 optime
440 3883 575 3940 Paschalis
588 3897 677 3940 noster
691 3902 697 3937 :
712 3903 727 3935 «
740 3884 766 3938 Α
787 3900 892 3938 mesure
912 3882 995 3957 qu’on
1016 3900 1032 3936 a
1054 3880 1112 3956 plus
1133 3880 1249 3954 d'esprit,
1270 3898 1310 3938 on

193 3970 331 4047 s’apercoit
342 3968 408 4047 qu'il
418 3989 437 4045 y
448 3987 463 4024 a
477 3968 535 4043 plus
547 3968 665 4043 d'esprits
678 3969 825 4044 originaux.
844 3988 858 4020 u
