<?xml version="1.0" encoding="UTF-8"?>
<!DOCTYPE html PUBLIC "-//W3C//DTD XHTML 1.0 Transitional//EN"
    "http://www.w3.org/TR/xhtml1/DTD/xhtml1-transitional.dtd">
<html xmlns="http://www.w3.org/1999/xhtml" xml:lang="en" lang="en">
 <head>
  <title>
</title>
<meta http-equiv="Content-Type" content="text/html;charset=utf-8" />
  <meta name='ocr-system' content='tesseract 3.04.00' />
  <meta name='ocr-capabilities' content='ocr_page ocr_carea ocr_par ocr_line ocrx_word'/>
</head>
<body>
  <div class='ocr_page' id='page_1' title='image "./denicolaomuseto00bdgoog_0087.png"; bbox 0 0 2782 4980; ppageno 0'>
   <div class='ocr_carea' id='block_1_1' title="bbox 116 531 1230 738">
    <p class='ocr_par' dir='ltr' id='par_1_1' title="bbox 116 531 1230 738">
     <span class='ocr_line' id='line_1_1' title="bbox 116 531 1230 622; baseline 0.002 -24"><span class='ocrx_word' id='word_1_1' title='bbox 116 531 156 613; x_wconf 90' lang='grc' dir='ltr'>Π,</span> <span class='ocrx_word' id='word_1_2' title='bbox 174 534 246 620; x_wconf 87' lang='lat'>184.</span> <span class='ocrx_word' id='word_1_3' title='bbox 267 571 311 580; x_wconf 92' lang='lat'><em>-</em></span> <span class='ocrx_word' id='word_1_4' title='bbox 324 534 368 599; x_wconf 84' lang='lat' dir='ltr'>At</span> <span class='ocrx_word' id='word_1_5' title='bbox 385 532 506 619; x_wconf 90' lang='lat' dir='ltr'>lyricis,</span> <span class='ocrx_word' id='word_1_6' title='bbox 520 532 645 601; x_wconf 90' lang='lat' dir='ltr'>utbene</span> <span class='ocrx_word' id='word_1_7' title='bbox 665 552 793 613; x_wconf 91' lang='lat' dir='ltr'>notum,</span> <span class='ocrx_word' id='word_1_8' title='bbox 817 559 833 596; x_wconf 87' lang='lat'>&lt;‹</span> <span class='ocrx_word' id='word_1_9' title='bbox 851 533 980 602; x_wconf 89' lang='lat' dir='ltr'>ultimas</span> <span class='ocrx_word' id='word_1_10' title='bbox 999 532 1135 622; x_wconf 88' lang='lat' dir='ltr'>syllabas</span> <span class='ocrx_word' id='word_1_11' title='bbox 1150 536 1230 600; x_wconf 92' lang='lat' dir='ltr'>inter</span> 
     </span>
     <span class='ocr_line' id='line_1_2' title="bbox 118 645 1229 738; baseline 0.001 -25"><span class='ocrx_word' id='word_1_12' title='bbox 118 669 151 713; x_wconf 91' lang='lat' dir='ltr'>se</span> <span class='ocrx_word' id='word_1_13' title='bbox 179 645 272 735; x_wconf 90' lang='lat' dir='ltr'>plane</span> <span class='ocrx_word' id='word_1_14' title='bbox 293 670 450 714; x_wconf 91' lang='lat' dir='ltr'>consonas</span> <span class='ocrx_word' id='word_1_15' title='bbox 471 671 539 715; x_wconf 89' lang='lat' dir='ltr'>esse</span> <span class='ocrx_word' id='word_1_16' title='bbox 561 672 638 716; x_wconf 93' lang='lat' dir='ltr'>mox</span> <span class='ocrx_word' id='word_1_17' title='bbox 665 650 846 736; x_wconf 86' lang='lat' dir='ltr'>injunctum</span> <span class='ocrx_word' id='word_1_18' title='bbox 867 649 936 730; x_wconf 86' lang='lat' dir='ltr'>fuit,</span> <span class='ocrx_word' id='word_1_19' title='bbox 968 651 1229 738; x_wconf 75' lang='lat' dir='ltr'>assonantiamque</span> 
     </span>
    </p>
   </div>
   <div class='ocr_carea' id='block_1_2' title="bbox 118 760 1231 966">
    <p class='ocr_par' dir='ltr' id='par_1_2' title="bbox 118 760 1231 966">
     <span class='ocr_line' id='line_1_3' title="bbox 118 760 1231 853; baseline 0.002 -25"><span class='ocrx_word' id='word_1_20' title='bbox 118 760 319 849; x_wconf 84' lang='lat' dir='ltr'>aptioribus</span> <span class='ocrx_word' id='word_1_21' title='bbox 338 785 573 852; x_wconf 82' lang='lat' dir='ltr'><strong>nonnunquam</strong></span> <span class='ocrx_word' id='word_1_22' title='bbox 598 766 746 831; x_wconf 89' lang='lat' dir='ltr'>usitatam</span> <span class='ocrx_word' id='word_1_23' title='bbox 774 786 892 853; x_wconf 87' lang='lat' dir='ltr'>genera</span> <span class='ocrx_word' id='word_1_24' title='bbox 918 781 1045 831; x_wconf 90' lang='lat' dir='ltr'>tantum</span> <span class='ocrx_word' id='word_1_25' title='bbox 1074 762 1231 852; x_wconf 85' lang='lat' dir='ltr'>plebeiam</span> 
     </span>
     <span class='ocr_line' id='line_1_4' title="bbox 119 873 683 966; baseline -0.004 -26"><span class='ocrx_word' id='word_1_26' title='bbox 119 876 276 942; x_wconf 89' lang='lat' dir='ltr'>rationem</span> <span class='ocrx_word' id='word_1_27' title='bbox 293 873 471 943; x_wconf 88' lang='lat' dir='ltr'><strong>redolentia</strong></span> <span class='ocrx_word' id='word_1_28' title='bbox 485 899 645 966; x_wconf 88' lang='lat' dir='ltr'>accepere.</span> <span class='ocrx_word' id='word_1_29' title='bbox 667 903 683 939; x_wconf 73' lang='lat' dir='ltr'>&gt;s</span> 
     </span>
    </p>
   </div>
   <div class='ocr_carea' id='block_1_3' title="bbox 119 1015 1234 1221">
    <p class='ocr_par' dir='ltr' id='par_1_3' title="bbox 119 1015 1234 1221">
     <span class='ocr_line' id='line_1_5' title="bbox 162 1015 1234 1107; baseline 0.002 -25"><span class='ocrx_word' id='word_1_30' title='bbox 162 1015 202 1082; x_wconf 91' lang='lat'>11.</span> <span class='ocrx_word' id='word_1_31' title='bbox 228 1016 362 1084; x_wconf 90' lang='lat' dir='ltr'>Hiatum</span> <span class='ocrx_word' id='word_1_32' title='bbox 381 1015 544 1085; x_wconf 90' lang='lat' dir='ltr'>interdum</span> <span class='ocrx_word' id='word_1_33' title='bbox 571 1015 699 1085; x_wconf 85' lang='lat' dir='ltr'>admisit</span> <span class='ocrx_word' id='word_1_34' title='bbox 720 1035 815 1107; x_wconf 87' lang='lat' dir='ltr'>poeta</span> <span class='ocrx_word' id='word_1_35' title='bbox 838 1035 960 1100; x_wconf 92' lang='lat' dir='ltr'>noster,</span> <span class='ocrx_word' id='word_1_36' title='bbox 984 1016 1138 1106; x_wconf 86' lang='lat' dir='ltr'>legitimis</span> <span class='ocrx_word' id='word_1_37' title='bbox 1161 1018 1234 1107; x_wconf 90' lang='lat' dir='ltr'>qui-</span> 
     </span>
     <span class='ocr_line' id='line_1_6' title="bbox 119 1128 972 1221; baseline 0.004 -25"><span class='ocrx_word' id='word_1_38' title='bbox 119 1129 194 1197; x_wconf 93' lang='lat' dir='ltr'>dem</span> <span class='ocrx_word' id='word_1_39' title='bbox 206 1130 324 1220; x_wconf 87' lang='lat' dir='ltr'>tegulis</span> <span class='ocrx_word' id='word_1_40' title='bbox 338 1128 522 1214; x_wconf 88' lang='lat' dir='ltr'>obsecutus,</span> <span class='ocrx_word' id='word_1_41' title='bbox 540 1155 617 1221; x_wconf 87' lang='lat' dir='ltr'>quas</span> <span class='ocrx_word' id='word_1_42' title='bbox 637 1131 777 1200; x_wconf 91' lang='lat' dir='ltr'>Tobler1</span> <span class='ocrx_word' id='word_1_43' title='bbox 795 1131 972 1221; x_wconf 85' lang='lat' dir='ltr'>explicuit:</span> 
     </span>
    </p>
   </div>
   <div class='ocr_carea' id='block_1_4' title="bbox 298 1270 1004 1476">
    <p class='ocr_par' dir='ltr' id='par_1_4' title="bbox 298 1270 1004 1476">
     <span class='ocr_line' id='line_1_7' title="bbox 317 1270 935 1361; baseline 0 -21"><span class='ocrx_word' id='word_1_44' title='bbox 317 1273 356 1340; x_wconf 87' lang='lat' dir='ltr'>Et</span> <span class='ocrx_word' id='word_1_45' title='bbox 371 1270 508 1341; x_wconf 78' lang='lat' dir='ltr'>verdute</span> <span class='ocrx_word' id='word_1_46' title='bbox 528 1291 559 1340; x_wconf 94' lang='lat' dir='ltr'>et</span> <span class='ocrx_word' id='word_1_47' title='bbox 573 1272 699 1341; x_wconf 90' lang='lat' dir='ltr'>btoutel</span> <span class='ocrx_word' id='word_1_48' title='bbox 717 1270 794 1361; x_wconf 93' lang='lat' dir='ltr'>(IX,</span> <span class='ocrx_word' id='word_1_49' title='bbox 811 1300 842 1343; x_wconf 92' lang='lat' dir='ltr'>v.</span> <span class='ocrx_word' id='word_1_50' title='bbox 867 1270 935 1361; x_wconf 88' lang='lat'>19).</span> 
     </span>
     <span class='ocr_line' id='line_1_8' title="bbox 298 1385 1004 1476; baseline 0 -22"><span class='ocrx_word' id='word_1_51' title='bbox 298 1387 378 1454; x_wconf 89' lang='lat' dir='ltr'>Sans</span> <span class='ocrx_word' id='word_1_52' title='bbox 394 1386 519 1455; x_wconf 77' lang='lat' dir='ltr'>faintistt</span> <span class='ocrx_word' id='word_1_53' title='bbox 539 1405 570 1454; x_wconf 92' lang='lat' dir='ltr'>et</span> <span class='ocrx_word' id='word_1_54' title='bbox 585 1410 656 1454; x_wconf 87' lang='lat' dir='ltr'>sans</span> <span class='ocrx_word' id='word_1_55' title='bbox 669 1387 772 1475; x_wconf 86' lang='lat' dir='ltr'>guilet</span> <span class='ocrx_word' id='word_1_56' title='bbox 787 1389 864 1476; x_wconf 68' lang='lat' dir='ltr'>(IV,</span> <span class='ocrx_word' id='word_1_57' title='bbox 877 1413 909 1455; x_wconf 91' lang='lat' dir='ltr'>v.</span> <span class='ocrx_word' id='word_1_58' title='bbox 936 1385 1004 1476; x_wconf 77' lang='grc' dir='ltr'>ιο).</span> 
     </span>
    </p>
   </div>
   <div class='ocr_carea' id='block_1_5' title="bbox 33 1552 1245 3933">
    <p class='ocr_par' dir='ltr' id='par_1_5' title="bbox 33 1552 1236 1852">
     <span class='ocr_line' id='line_1_9' title="bbox 163 1552 1236 1643; baseline -0.002 -21"><span class='ocrx_word' id='word_1_59' title='bbox 163 1554 218 1622; x_wconf 89' lang='grc' dir='ltr'>ΙΠ.</span> <span class='ocrx_word' id='word_1_60' title='bbox 236 1555 358 1622; x_wconf 92' lang='lat' dir='ltr'>Mirum</span> <span class='ocrx_word' id='word_1_61' title='bbox 376 1552 498 1643; x_wconf 91' lang='lat' dir='ltr'>aliquid</span> <span class='ocrx_word' id='word_1_62' title='bbox 520 1552 640 1641; x_wconf 87' lang='lat' dir='ltr'>legenti</span> <span class='ocrx_word' id='word_1_63' title='bbox 659 1576 787 1622; x_wconf 89' lang='lat' dir='ltr'>carmen</span> <span class='ocrx_word' id='word_1_64' title='bbox 804 1555 819 1621; x_wconf 95' lang='lat' dir='ltr'>l</span> <span class='ocrx_word' id='word_1_65' title='bbox 837 1572 991 1632; x_wconf 86' lang='lat' dir='ltr'>occursat,</span> <span class='ocrx_word' id='word_1_66' title='bbox 1014 1576 1082 1620; x_wconf 94' lang='lat' dir='ltr'>non</span> <span class='ocrx_word' id='word_1_67' title='bbox 1101 1556 1236 1620; x_wconf 90' lang='lat' dir='ltr'>omnino</span> 
     </span>
     <span class='ocr_line' id='line_1_10' title="bbox 33 1665 1233 1759; baseline -0.002 -24"><span class='ocrx_word' id='word_1_68' title='bbox 33 1694 38 1703; x_wconf 88' lang='lat'><strong>·</strong></span> <span class='ocrx_word' id='word_1_69' title='bbox 120 1668 251 1759; x_wconf 90' lang='lat' dir='ltr'>quidem</span> <span class='ocrx_word' id='word_1_70' title='bbox 270 1667 422 1751; x_wconf 93' lang='lat' dir='ltr'>insolens,</span> <span class='ocrx_word' id='word_1_71' title='bbox 451 1692 558 1735; x_wconf 91' lang='lat' dir='ltr'>rarum</span> <span class='ocrx_word' id='word_1_72' title='bbox 587 1688 705 1749; x_wconf 89' lang='lat' dir='ltr'>tamen,</span> <span class='ocrx_word' id='word_1_73' title='bbox 733 1665 821 1756; x_wconf 93' lang='lat' dir='ltr'>quod</span> <span class='ocrx_word' id='word_1_74' title='bbox 842 1691 910 1736; x_wconf 94' lang='lat' dir='ltr'>non</span> <span class='ocrx_word' id='word_1_75' title='bbox 933 1669 1022 1750; x_wconf 90' lang='lat' dir='ltr'>satis,</span> <span class='ocrx_word' id='word_1_76' title='bbox 1050 1685 1087 1735; x_wconf 95' lang='lat' dir='ltr'>ut</span> <span class='ocrx_word' id='word_1_77' title='bbox 1106 1671 1233 1757; x_wconf 87' lang='lat' dir='ltr'>opinor,</span> 
     </span>
     <span class='ocr_line' id='line_1_11' title="bbox 120 1781 466 1852; baseline -0.006 -1"><span class='ocrx_word' id='word_1_78' title='bbox 120 1781 324 1852; x_wconf 91' lang='lat' dir='ltr'>attenderunt</span> <span class='ocrx_word' id='word_1_79' title='bbox 338 1781 466 1850; x_wconf 89' lang='lat' dir='ltr'>eruditi.</span> 
     </span>
    </p>

    <p class='ocr_par' dir='ltr' id='par_1_6' title="bbox 120 1894 1237 2311">
     <span class='ocr_line' id='line_1_12' title="bbox 165 1894 1235 1986; baseline -0.001 -23"><span class='ocrx_word' id='word_1_80' title='bbox 165 1899 336 1964; x_wconf 86' lang='lat' dir='ltr'>Enimvero</span> <span class='ocrx_word' id='word_1_81' title='bbox 362 1919 491 1965; x_wconf 90' lang='lat' dir='ltr'>carmen</span> <span class='ocrx_word' id='word_1_82' title='bbox 518 1914 655 1985; x_wconf 88' lang='lat' dir='ltr'>quatuor</span> <span class='ocrx_word' id='word_1_83' title='bbox 677 1894 799 1964; x_wconf 86' lang='lat' dir='ltr'>similes</span> <span class='ocrx_word' id='word_1_84' title='bbox 822 1895 970 1986; x_wconf 91' lang='lat' dir='ltr'>strophas</span> <span class='ocrx_word' id='word_1_85' title='bbox 997 1896 1235 1984; x_wconf 90' lang='lat' dir='ltr'>complectitur,</span> 
     </span>
     <span class='ocr_line' id='line_1_13' title="bbox 120 2009 1235 2101; baseline -0.001 -22"><span class='ocrx_word' id='word_1_86' title='bbox 120 2035 158 2079; x_wconf 90' lang='lat' dir='ltr'>ea</span> <span class='ocrx_word' id='word_1_87' title='bbox 176 2012 245 2100; x_wconf 86' lang='lat' dir='ltr'>lege</span> <span class='ocrx_word' id='word_1_88' title='bbox 264 2011 450 2079; x_wconf 88' lang='lat' dir='ltr'>informatas</span> <span class='ocrx_word' id='word_1_89' title='bbox 470 2029 505 2078; x_wconf 94' lang='lat' dir='ltr'>ut</span> <span class='ocrx_word' id='word_1_90' title='bbox 522 2011 668 2101; x_wconf 88' lang='lat' dir='ltr'>singulae</span> <span class='ocrx_word' id='word_1_91' title='bbox 697 2009 859 2100; x_wconf 87' lang='lat' dir='ltr'>strophae,</span> <span class='ocrx_word' id='word_1_92' title='bbox 882 2010 970 2100; x_wconf 92' lang='lat' dir='ltr'>quod</span> <span class='ocrx_word' id='word_1_93' title='bbox 996 2009 1036 2078; x_wconf 87' lang='lat' dir='ltr'>ad</span> <span class='ocrx_word' id='word_1_94' title='bbox 1062 2033 1235 2079; x_wconf 91' lang='lat' dir='ltr'>numerum</span> 
     </span>
     <span class='ocr_line' id='line_1_14' title="bbox 120 2124 1237 2217; baseline -0.002 -23"><span class='ocrx_word' id='word_1_95' title='bbox 120 2125 314 2217; x_wconf 86' lang='lat' dir='ltr'>syllabarum</span> <span class='ocrx_word' id='word_1_96' title='bbox 333 2127 581 2216; x_wconf 88' lang='lat' dir='ltr'>uniuscujusque</span> <span class='ocrx_word' id='word_1_97' title='bbox 600 2150 712 2195; x_wconf 90' lang='lat' dir='ltr'>versus</span> <span class='ocrx_word' id='word_1_98' title='bbox 732 2128 856 2210; x_wconf 89' lang='lat' dir='ltr'>attinet,</span> <span class='ocrx_word' id='word_1_99' title='bbox 881 2124 957 2194; x_wconf 91' lang='lat' dir='ltr'>huic</span> <span class='ocrx_word' id='word_1_100' title='bbox 976 2125 1076 2194; x_wconf 90' lang='lat' dir='ltr'>indici</span> <span class='ocrx_word' id='word_1_101' title='bbox 1098 2149 1237 2194; x_wconf 89' lang='lat' dir='ltr'>consen-</span> 
     </span>
     <span class='ocr_line' id='line_1_15' title="bbox 121 2246 223 2311; baseline -0.029 0"><span class='ocrx_word' id='word_1_102' title='bbox 121 2246 200 2311; x_wconf 92' lang='lat' dir='ltr'>tiant</span> <span class='ocrx_word' id='word_1_103' title='bbox 215 2266 223 2308; x_wconf 89' lang='lat'><strong>:</strong></span> 
     </span>
    </p>

    <p class='ocr_par' dir='ltr' id='par_1_7' title="bbox 167 2357 1117 2444">
     <span class='ocr_line' id='line_1_16' title="bbox 167 2357 1117 2444; baseline 0 -6"><span class='ocrx_word' id='word_1_104' title='bbox 167 2359 200 2439; x_wconf 83' lang='grc'>8,</span> <span class='ocrx_word' id='word_1_105' title='bbox 216 2358 248 2438; x_wconf 84' lang='grc'>8,</span> <span class='ocrx_word' id='word_1_106' title='bbox 266 2357 298 2438; x_wconf 84' lang='grc'>8,</span> <span class='ocrx_word' id='word_1_107' title='bbox 319 2378 353 2442; x_wconf 76' lang='grc'>4,</span> <span class='ocrx_word' id='word_1_108' title='bbox 368 2357 401 2437; x_wconf 82' lang='grc'>8,</span> <span class='ocrx_word' id='word_1_109' title='bbox 422 2378 455 2443; x_wconf 86' lang='grc'>4,</span> <span class='ocrx_word' id='word_1_110' title='bbox 474 2357 507 2437; x_wconf 83' lang='grc'>8,</span> <span class='ocrx_word' id='word_1_111' title='bbox 524 2378 559 2443; x_wconf 97' lang='grc'>4,</span> <span class='ocrx_word' id='word_1_112' title='bbox 576 2357 608 2438; x_wconf 83' lang='grc'>8,</span> <span class='ocrx_word' id='word_1_113' title='bbox 623 2378 657 2440; x_wconf 88' lang='grc'>4,</span> <span class='ocrx_word' id='word_1_114' title='bbox 674 2378 707 2443; x_wconf 92' lang='grc'>4,</span> <span class='ocrx_word' id='word_1_115' title='bbox 733 2374 763 2444; x_wconf 79' lang='lat'>5,</span> <span class='ocrx_word' id='word_1_116' title='bbox 780 2377 814 2443; x_wconf 89' lang='grc'>4,</span> <span class='ocrx_word' id='word_1_117' title='bbox 833 2374 912 2444; x_wconf 75' lang='grc' dir='ltr'>ς,4,</span> <span class='ocrx_word' id='word_1_118' title='bbox 932 2371 962 2441; x_wconf 82' lang='lat'>5,</span> <span class='ocrx_word' id='word_1_119' title='bbox 981 2377 1013 2441; x_wconf 86' lang='grc'>4,</span> <span class='ocrx_word' id='word_1_120' title='bbox 1035 2372 1064 2442; x_wconf 79' lang='lat'>5,</span> <span class='ocrx_word' id='word_1_121' title='bbox 1087 2373 1117 2442; x_wconf 83' lang='lat'>5·</span> 
     </span>
    </p>

    <p class='ocr_par' dir='ltr' id='par_1_8' title="bbox 122 2468 1239 2896">
     <span class='ocr_line' id='line_1_17' title="bbox 167 2468 1239 2559; baseline -0.002 -21"><span class='ocrx_word' id='word_1_122' title='bbox 167 2469 295 2538; x_wconf 87' lang='lat' dir='ltr'>Scilicet</span> <span class='ocrx_word' id='word_1_123' title='bbox 310 2471 342 2536; x_wconf 93' lang='lat' dir='ltr'>in</span> <span class='ocrx_word' id='word_1_124' title='bbox 358 2492 547 2559; x_wconf 88' lang='lat' dir='ltr'>unaquaque</span> <span class='ocrx_word' id='word_1_125' title='bbox 569 2469 700 2558; x_wconf 88' lang='lat' dir='ltr'>stropha</span> <span class='ocrx_word' id='word_1_126' title='bbox 724 2492 835 2538; x_wconf 91' lang='lat' dir='ltr'>versus</span> <span class='ocrx_word' id='word_1_127' title='bbox 856 2470 990 2558; x_wconf 89' lang='lat' dir='ltr'>primus,</span> <span class='ocrx_word' id='word_1_128' title='bbox 1015 2468 1186 2551; x_wconf 90' lang='lat' dir='ltr'>secundus,</span> <span class='ocrx_word' id='word_1_129' title='bbox 1208 2489 1239 2536; x_wconf 93' lang='lat' dir='ltr'>et</span> 
     </span>
     <span class='ocr_line' id='line_1_18' title="bbox 122 2582 1239 2673; baseline -0.002 -20"><span class='ocrx_word' id='word_1_130' title='bbox 122 2587 246 2667; x_wconf 90' lang='lat' dir='ltr'>tertius,</span> <span class='ocrx_word' id='word_1_131' title='bbox 274 2607 312 2651; x_wconf 91' lang='lat' dir='ltr'>ex</span> <span class='ocrx_word' id='word_1_132' title='bbox 334 2586 520 2652; x_wconf 85' lang='lat' dir='ltr'>necessitate</span> <span class='ocrx_word' id='word_1_133' title='bbox 542 2604 615 2652; x_wconf 89' lang='lat' dir='ltr'>octo</span> <span class='ocrx_word' id='word_1_134' title='bbox 637 2582 767 2673; x_wconf 86' lang='lat' dir='ltr'>syllabis</span> <span class='ocrx_word' id='word_1_135' title='bbox 790 2600 949 2665; x_wconf 84' lang='lat' dir='ltr'>constant,</span> <span class='ocrx_word' id='word_1_136' title='bbox 972 2602 1101 2672; x_wconf 88' lang='lat' dir='ltr'>quattus</span> <span class='ocrx_word' id='word_1_137' title='bbox 1129 2602 1239 2651; x_wconf 92' lang='lat' dir='ltr'>autem</span> 
     </span>
     <span class='ocr_line' id='line_1_19' title="bbox 122 2695 1239 2787; baseline -0.004 -20"><span class='ocrx_word' id='word_1_138' title='bbox 122 2723 162 2767; x_wconf 89' lang='lat' dir='ltr'>ex</span> <span class='ocrx_word' id='word_1_139' title='bbox 186 2700 372 2766; x_wconf 86' lang='lat' dir='ltr'>necessitate</span> <span class='ocrx_word' id='word_1_140' title='bbox 404 2717 550 2785; x_wconf 90' lang='lat' dir='ltr'>quatuor,</span> <span class='ocrx_word' id='word_1_141' title='bbox 582 2699 712 2787; x_wconf 91' lang='lat' dir='ltr'>quintus</span> <span class='ocrx_word' id='word_1_142' title='bbox 736 2719 776 2764; x_wconf 90' lang='lat' dir='ltr'>ex</span> <span class='ocrx_word' id='word_1_143' title='bbox 798 2698 984 2765; x_wconf 85' lang='lat' dir='ltr'>necessitate</span> <span class='ocrx_word' id='word_1_144' title='bbox 1007 2714 1081 2765; x_wconf 90' lang='lat' dir='ltr'>octo</span> <span class='ocrx_word' id='word_1_145' title='bbox 1108 2695 1239 2783; x_wconf 88' lang='lat' dir='ltr'>syllabis</span> 
     </span>
     <span class='ocr_line' id='line_1_20' title="bbox 124 2830 366 2896; baseline -0.012 -14"><span class='ocrx_word' id='word_1_146' title='bbox 124 2830 260 2896; x_wconf 87' lang='lat' dir='ltr'>constat,</span> <span class='ocrx_word' id='word_1_147' title='bbox 278 2833 366 2881; x_wconf 91' lang='lat' dir='ltr'>etc...</span> 
     </span>
    </p>

    <p class='ocr_par' dir='ltr' id='par_1_9' title="bbox 121 2922 1240 3244">
     <span class='ocr_line' id='line_1_21' title="bbox 173 2922 1240 3014; baseline -0.002 -21"><span class='ocrx_word' id='word_1_148' title='bbox 173 2928 267 3006; x_wconf 89' lang='lat' dir='ltr'>Quae</span> <span class='ocrx_word' id='word_1_149' title='bbox 282 2950 356 2996; x_wconf 92' lang='lat' dir='ltr'>cum</span> <span class='ocrx_word' id='word_1_150' title='bbox 376 2928 419 2994; x_wconf 90' lang='lat' dir='ltr'>ita</span> <span class='ocrx_word' id='word_1_151' title='bbox 433 2927 509 3009; x_wconf 90' lang='lat' dir='ltr'>sint,</span> <span class='ocrx_word' id='word_1_152' title='bbox 530 2927 557 2993; x_wconf 95' lang='lat' dir='ltr'>si</span> <span class='ocrx_word' id='word_1_153' title='bbox 576 2924 806 2995; x_wconf 89' lang='lat' dir='ltr'>duodecimum</span> <span class='ocrx_word' id='word_1_154' title='bbox 822 2925 1019 3014; x_wconf 86' lang='lat' dir='ltr'>singularum</span> <span class='ocrx_word' id='word_1_155' title='bbox 1034 2922 1240 3012; x_wconf 83' lang='lat' dir='ltr'>stropharum</span> 
     </span>
     <span class='ocr_line' id='line_1_22' title="bbox 121 3035 1240 3130; baseline -0.005 -20"><span class='ocrx_word' id='word_1_156' title='bbox 121 3065 250 3110; x_wconf 88' lang='lat' dir='ltr'>versum</span> <span class='ocrx_word' id='word_1_157' title='bbox 264 3044 451 3130; x_wconf 83' lang='lat' dir='ltr'>respexeris,</span> <span class='ocrx_word' id='word_1_158' title='bbox 469 3064 536 3109; x_wconf 95' lang='lat' dir='ltr'>non</span> <span class='ocrx_word' id='word_1_159' title='bbox 551 3042 619 3108; x_wconf 90' lang='lat' dir='ltr'>sine</span> <span class='ocrx_word' id='word_1_160' title='bbox 638 3040 848 3109; x_wconf 88' lang='lat' dir='ltr'>admiratione</span> <span class='ocrx_word' id='word_1_161' title='bbox 872 3037 1011 3128; x_wconf 87' lang='lat' dir='ltr'>quadam</span> <span class='ocrx_word' id='word_1_162' title='bbox 1034 3035 1240 3106; x_wconf 87' lang='lat' dir='ltr'>animadver-</span> 
     </span>
     <span class='ocr_line' id='line_1_23' title="bbox 123 3152 1081 3244; baseline -0.006 -19"><span class='ocrx_word' id='word_1_163' title='bbox 123 3175 169 3225; x_wconf 93' lang='lat' dir='ltr'>tes</span> <span class='ocrx_word' id='word_1_164' title='bbox 189 3156 248 3224; x_wconf 93' lang='lat' dir='ltr'>bos</span> <span class='ocrx_word' id='word_1_165' title='bbox 260 3179 368 3226; x_wconf 88' lang='lat' dir='ltr'>versus</span> <span class='ocrx_word' id='word_1_166' title='bbox 384 3158 419 3224; x_wconf 94' lang='lat' dir='ltr'>in</span> <span class='ocrx_word' id='word_1_167' title='bbox 433 3155 572 3244; x_wconf 92' lang='lat' dir='ltr'>strophis</span> <span class='ocrx_word' id='word_1_168' title='bbox 590 3157 650 3223; x_wconf 90' lang='lat' dir='ltr'>Iet</span> <span class='ocrx_word' id='word_1_169' title='bbox 661 3155 706 3223; x_wconf 85' lang='lat' dir='ltr'>IV</span> <span class='ocrx_word' id='word_1_170' title='bbox 725 3177 780 3222; x_wconf 89' lang='lat' dir='ltr'>sex</span> <span class='ocrx_word' id='word_1_171' title='bbox 793 3152 929 3243; x_wconf 88' lang='lat' dir='ltr'>syllabas</span> <span class='ocrx_word' id='word_1_172' title='bbox 944 3152 1058 3220; x_wconf 91' lang='lat' dir='ltr'>habete</span> <span class='ocrx_word' id='word_1_173' title='bbox 1074 3178 1081 3219; x_wconf 92' lang='lat'>:</span> 
     </span>
    </p>

    <p class='ocr_par' dir='ltr' id='par_1_10' title="bbox 124 3265 1148 3355">
     <span class='ocr_line' id='line_1_24' title="bbox 124 3265 1148 3355; baseline -0.007 -15"><span class='ocrx_word' id='word_1_174' title='bbox 124 3274 188 3341; x_wconf 88' lang='lat' dir='ltr'>Str.</span> <span class='ocrx_word' id='word_1_175' title='bbox 203 3274 232 3355; x_wconf 91' lang='lat' dir='ltr'>I,</span> <span class='ocrx_word' id='word_1_176' title='bbox 247 3296 279 3340; x_wconf 87' lang='lat' dir='ltr'>v.</span> <span class='ocrx_word' id='word_1_177' title='bbox 298 3293 396 3340; x_wconf 58' lang='lat'>1142</span> <span class='ocrx_word' id='word_1_178' title='bbox 413 3292 421 3334; x_wconf 90' lang='lat'>:</span> <span class='ocrx_word' id='word_1_179' title='bbox 443 3273 515 3340; x_wconf 92' lang='lat' dir='ltr'>Une</span> <span class='ocrx_word' id='word_1_180' title='bbox 531 3269 661 3338; x_wconf 87' lang='lat' dir='ltr'>dancele</span> <span class='ocrx_word' id='word_1_181' title='bbox 672 3308 716 3319; x_wconf 89' lang='lat'>-</span> <span class='ocrx_word' id='word_1_182' title='bbox 729 3271 879 3337; x_wconf 84' lang='lat' dir='ltr'>Avenant</span> <span class='ocrx_word' id='word_1_183' title='bbox 891 3287 924 3336; x_wconf 92' lang='lat' dir='ltr'>et</span> <span class='ocrx_word' id='word_1_184' title='bbox 942 3266 1024 3335; x_wconf 93' lang='lat' dir='ltr'>molt</span> <span class='ocrx_word' id='word_1_185' title='bbox 1039 3265 1148 3336; x_wconf 92' lang='lat' dir='ltr'>bele...</span> 
     </span>
    </p>

    <p class='ocr_par' dir='ltr' id='par_1_11' title="bbox 125 3382 1240 3474">
     <span class='ocr_line' id='line_1_25' title="bbox 125 3382 1240 3474; baseline -0.008 -19"><span class='ocrx_word' id='word_1_186' title='bbox 125 3389 191 3456; x_wconf 87' lang='lat' dir='ltr'>Str.</span> <span class='ocrx_word' id='word_1_187' title='bbox 207 3387 267 3470; x_wconf 88' lang='lat' dir='ltr'>IV,</span> <span class='ocrx_word' id='word_1_188' title='bbox 277 3410 309 3454; x_wconf 87' lang='lat' dir='ltr'>v.</span> <span class='ocrx_word' id='word_1_189' title='bbox 323 3387 400 3473; x_wconf 86' lang='lat'><em>68·9</em></span> <span class='ocrx_word' id='word_1_190' title='bbox 416 3387 541 3453; x_wconf 88' lang='lat' dir='ltr'>:Encot</span> <span class='ocrx_word' id='word_1_191' title='bbox 555 3384 695 3474; x_wconf 85' lang='lat' dir='ltr'>dognoie</span> <span class='ocrx_word' id='word_1_192' title='bbox 708 3421 753 3434; x_wconf 94' lang='lat'>-</span> <span class='ocrx_word' id='word_1_193' title='bbox 768 3385 813 3451; x_wconf 89' lang='lat' dir='ltr'>En</span> <span class='ocrx_word' id='word_1_194' title='bbox 826 3382 978 3451; x_wconf 88' lang='lat' dir='ltr'>chantant</span> <span class='ocrx_word' id='word_1_195' title='bbox 990 3383 1097 3449; x_wconf 91' lang='lat' dir='ltr'>meine</span> <span class='ocrx_word' id='word_1_196' title='bbox 1115 3383 1240 3468; x_wconf 72' lang='lat' dir='ltr'>joie...</span> 
     </span>
    </p>

    <p class='ocr_par' dir='ltr' id='par_1_12' title="bbox 127 3494 1081 3589">
     <span class='ocr_line' id='line_1_26' title="bbox 127 3494 1081 3589; baseline -0.009 -20"><span class='ocrx_word' id='word_1_197' title='bbox 127 3503 160 3568; x_wconf 93' lang='lat' dir='ltr'>in</span> <span class='ocrx_word' id='word_1_198' title='bbox 173 3500 314 3589; x_wconf 89' lang='lat' dir='ltr'>strophis</span> <span class='ocrx_word' id='word_1_199' title='bbox 329 3518 436 3567; x_wconf 88' lang='lat' dir='ltr'>autem</span> <span class='ocrx_word' id='word_1_200' title='bbox 450 3501 479 3567; x_wconf 93' lang='lat' dir='ltr'>Il</span> <span class='ocrx_word' id='word_1_201' title='bbox 488 3517 521 3566; x_wconf 91' lang='lat' dir='ltr'>et</span> <span class='ocrx_word' id='word_1_202' title='bbox 531 3499 576 3566; x_wconf 93' lang='lat' dir='ltr'>III</span> <span class='ocrx_word' id='word_1_203' title='bbox 590 3499 735 3588; x_wconf 92' lang='lat' dir='ltr'>quinque</span> <span class='ocrx_word' id='word_1_204' title='bbox 751 3496 885 3585; x_wconf 88' lang='lat' dir='ltr'>syllabas</span> <span class='ocrx_word' id='word_1_205' title='bbox 907 3494 1054 3584; x_wconf 90' lang='lat' dir='ltr'>praebete</span> <span class='ocrx_word' id='word_1_206' title='bbox 1074 3516 1081 3558; x_wconf 94' lang='lat'><strong>:</strong></span> 
     </span>
    </p>

    <p class='ocr_par' dir='ltr' id='par_1_13' title="bbox 126 3608 1163 3702">
     <span class='ocr_line' id='line_1_27' title="bbox 126 3608 1163 3702; baseline -0.007 -19"><span class='ocrx_word' id='word_1_207' title='bbox 126 3617 192 3684; x_wconf 85' lang='lat' dir='ltr'>Str.</span> <span class='ocrx_word' id='word_1_208' title='bbox 208 3615 255 3698; x_wconf 88' lang='grc' dir='ltr'>ΙΙ,</span> <span class='ocrx_word' id='word_1_209' title='bbox 270 3639 301 3683; x_wconf 84' lang='lat' dir='ltr'>v.</span> <span class='ocrx_word' id='word_1_210' title='bbox 320 3636 395 3702; x_wconf 83' lang='lat' dir='ltr'>3o-t</span> <span class='ocrx_word' id='word_1_211' title='bbox 415 3639 422 3681; x_wconf 93' lang='lat'>:</span> <span class='ocrx_word' id='word_1_212' title='bbox 440 3615 511 3681; x_wconf 90' lang='lat' dir='ltr'>Mes</span> <span class='ocrx_word' id='word_1_213' title='bbox 526 3636 617 3681; x_wconf 90' lang='lat' dir='ltr'>cuets</span> <span class='ocrx_word' id='word_1_214' title='bbox 635 3612 754 3680; x_wconf 90' lang='lat' dir='ltr'>sautele</span> <span class='ocrx_word' id='word_1_215' title='bbox 767 3649 811 3661; x_wconf 97' lang='lat'>—</span> <span class='ocrx_word' id='word_1_216' title='bbox 825 3612 889 3678; x_wconf 93' lang='lat' dir='ltr'>Pot</span> <span class='ocrx_word' id='word_1_217' title='bbox 905 3611 934 3677; x_wconf 90' lang='lat' dir='ltr'>la</span> <span class='ocrx_word' id='word_1_218' title='bbox 947 3608 1163 3678; x_wconf 91' lang='lat' dir='ltr'>damoisele...</span> 
     </span>
    </p>

    <p class='ocr_par' dir='ltr' id='par_1_14' title="bbox 126 3724 1245 3933">
     <span class='ocr_line' id='line_1_28' title="bbox 126 3724 1159 3816; baseline -0.007 -19"><span class='ocrx_word' id='word_1_219' title='bbox 126 3731 192 3798; x_wconf 86' lang='lat' dir='ltr'>Str.</span> <span class='ocrx_word' id='word_1_220' title='bbox 208 3729 273 3812; x_wconf 86' lang='grc' dir='ltr'>ΙΙΙ,</span> <span class='ocrx_word' id='word_1_221' title='bbox 292 3752 323 3797; x_wconf 87' lang='lat' dir='ltr'>v.</span> <span class='ocrx_word' id='word_1_222' title='bbox 338 3749 444 3816; x_wconf 79' lang='lat'><em>49-50</em></span> <span class='ocrx_word' id='word_1_223' title='bbox 464 3753 471 3796; x_wconf 91' lang='lat'>:</span> <span class='ocrx_word' id='word_1_224' title='bbox 489 3727 564 3796; x_wconf 91' lang='lat' dir='ltr'>Plus</span> <span class='ocrx_word' id='word_1_225' title='bbox 578 3729 626 3797; x_wconf 91' lang='lat' dir='ltr'>sui</span> <span class='ocrx_word' id='word_1_226' title='bbox 642 3749 682 3794; x_wconf 92' lang='lat' dir='ltr'>en</span> <span class='ocrx_word' id='word_1_227' title='bbox 698 3728 818 3814; x_wconf 87' lang='lat' dir='ltr'>joie-</span> <span class='ocrx_word' id='word_1_228' title='bbox 829 3726 905 3804; x_wconf 92' lang='lat' dir='ltr'>Que</span> <span class='ocrx_word' id='word_1_229' title='bbox 922 3727 951 3813; x_wconf 86' lang='lat' dir='ltr'>je</span> <span class='ocrx_word' id='word_1_230' title='bbox 963 3748 1004 3792; x_wconf 94' lang='lat' dir='ltr'>ne</span> <span class='ocrx_word' id='word_1_231' title='bbox 1017 3724 1159 3791; x_wconf 89' lang='lat' dir='ltr'>soloie...</span> 
     </span>
     <span class='ocr_line' id='line_1_29' title="bbox 173 3837 1245 3933; baseline -0.008 -20"><span class='ocrx_word' id='word_1_232' title='bbox 173 3843 274 3924; x_wconf 89' lang='lat' dir='ltr'>Quod</span> <span class='ocrx_word' id='word_1_233' title='bbox 289 3868 354 3933; x_wconf 92' lang='lat' dir='ltr'>quo</span> <span class='ocrx_word' id='word_1_234' title='bbox 370 3863 465 3933; x_wconf 89' lang='lat' dir='ltr'>pacto</span> <span class='ocrx_word' id='word_1_235' title='bbox 479 3840 647 3933; x_wconf 86' lang='lat' dir='ltr'>expedies?</span> <span class='ocrx_word' id='word_1_236' title='bbox 664 3843 756 3910; x_wconf 89' lang='lat' dir='ltr'>Num</span> <span class='ocrx_word' id='word_1_237' title='bbox 768 3838 853 3908; x_wconf 91' lang='lat' dir='ltr'>salus</span> <span class='ocrx_word' id='word_1_238' title='bbox 869 3863 886 3907; x_wconf 93' lang='lat' dir='ltr'>e</span> <span class='ocrx_word' id='word_1_239' title='bbox 901 3841 1083 3927; x_wconf 85' lang='lat' dir='ltr'>conjectura</span> <span class='ocrx_word' id='word_1_240' title='bbox 1107 3837 1245 3927; x_wconf 89' lang='lat' dir='ltr'>petenda</span> 
     </span>
    </p>
   </div>
   <div class='ocr_carea' id='block_1_6' title="bbox 168 4031 1077 4105">
    <p class='ocr_par' dir='ltr' id='par_1_15' title="bbox 168 4031 1077 4105">
     <span class='ocr_line' id='line_1_30' title="bbox 168 4031 1077 4105; baseline -0.01 -12"><span class='ocrx_word' id='word_1_241' title='bbox 168 4056 192 4094; x_wconf 88' lang='lat'>1.</span> <span class='ocrx_word' id='word_1_242' title='bbox 208 4038 315 4105; x_wconf 88' lang='lat' dir='ltr'>Tobler,</span> <span class='ocrx_word' id='word_1_243' title='bbox 329 4038 362 4091; x_wconf 81' lang='lat' dir='ltr'>Le</span> <span class='ocrx_word' id='word_1_244' title='bbox 372 4054 427 4091; x_wconf 82' lang='lat' dir='ltr'>vers</span> <span class='ocrx_word' id='word_1_245' title='bbox 441 4037 559 4102; x_wconf 67' lang='lat' dir='ltr'>fromn,</span> <span class='ocrx_word' id='word_1_246' title='bbox 572 4034 639 4089; x_wconf 84' lang='lat' dir='ltr'>trad.</span> <span class='ocrx_word' id='word_1_247' title='bbox 654 4032 736 4088; x_wconf 90' lang='lat' dir='ltr'>Btuhl</span> <span class='ocrx_word' id='word_1_248' title='bbox 748 4045 774 4089; x_wconf 88' lang='lat' dir='ltr'>et</span> <span class='ocrx_word' id='word_1_249' title='bbox 785 4031 879 4099; x_wconf 85' lang='lat' dir='ltr'>Sudre,</span> <span class='ocrx_word' id='word_1_250' title='bbox 897 4031 975 4099; x_wconf 83' lang='lat'>1885,</span> <span class='ocrx_word' id='word_1_251' title='bbox 991 4047 1016 4100; x_wconf 87' lang='lat' dir='ltr'>p.</span> <span class='ocrx_word' id='word_1_252' title='bbox 1033 4045 1077 4102; x_wconf 89' lang='lat'>70.</span> 
     </span>
    </p>
   </div>
   <div class='ocr_carea' id='block_1_7' title="bbox 19 4364 320 4664">
    <p class='ocr_par' dir='ltr' id='par_1_16' title="bbox 19 4364 320 4664">
     <span class='ocr_line' id='line_1_31' title="bbox 19 4364 320 4664; baseline 0 -72"><span class='ocrx_word' id='word_1_253' title='bbox 19 4364 320 4664; x_wconf 54' lang='grc' dir='ltr'>Α</span> 
     </span>
    </p>
   </div>
   <div class='ocr_carea' id='block_1_8' title="bbox 0 0 1411 4980">
    <p class='ocr_par' dir='ltr' id='par_1_17' title="bbox 0 0 1411 4980">
     <span class='ocr_line' id='line_1_32' title="bbox 0 0 1411 4980; baseline 0 0"><span class='ocrx_word' id='word_1_254' title='bbox 0 0 1411 4980; x_wconf 95' lang='lat' dir='ltr'> </span> 
     </span>
    </p>
   </div>
  </div>
 </body>
</html>
