2782 4980
685 398 858 467 45..

260 534 293 604 Si
311 554 432 620 autem,
454 536 531 605 haec
552 557 584 606 et
599 538 653 606 illa
672 558 831 628 poemata,
853 539 909 607 has
937 538 1071 630 illasque
1085 563 1182 608 voces
1203 563 1332 630 compa-

214 652 294 718 ranti
314 650 399 719 nulla
414 675 554 741 apparet,
576 653 662 743 quod
679 653 718 722 ad
735 654 909 724 dialectum
928 656 1082 742 pertinet,
1105 653 1330 744 discrepantia,

213 765 426 834 verisimiliter
440 790 622 855 praesumes
643 766 773 849 scribas,
798 771 831 836 in
856 767 1055 858 assignandis
1078 772 1201 837 auctori
1221 787 1332 838 nostro

215 882 384 966 poematis,
400 904 467 948 non
486 883 650 949 erravisse.

259 997 357 1085 Atqui
377 1018 443 1062 non
466 997 626 1085 contingit
648 1015 683 1066 ut
701 998 898 1087 quaestionis
923 998 1014 1065 istius
1038 995 1252 1065 fundamenta
1277 1021 1332 1086 per

214 1108 354 1178 solidum
370 1108 554 1179 subdamus.
576 1110 678 1179 Multa
699 1112 786 1179 enim
811 1113 1021 1179 consonantia
1041 1109 1198 1180 vocabula
1218 1135 1333 1200 parum

214 1225 404 1312 significant,
425 1227 500 1313 quia
518 1224 598 1292 nihil
618 1225 839 1307 testificantur,
859 1227 921 1292 nisi
940 1227 1103 1294 universas
1128 1227 1247 1293 veteris
1271 1248 1334 1293 ser·

214 1341 320 1406 monis
333 1338 429 1427 leges,
439 1339 535 1429 longe
545 1338 670 1429 lateque
682 1338 826 1423 diflusas,
841 1339 959 1407 nullius
972 1341 1115 1429 proprias
1132 1341 1331 1429 provinciae,

212 1476 291 1541 quas
310 1477 495 1543 percensere
514 1473 546 1522 et
564 1453 679 1522 referte
693 1477 927 1543 supervacuum
944 1452 1061 1522 habeo.

258 1570 344 1636 Haec
359 1592 457 1658 pauca
476 1567 596 1657 aliquid
616 1570 774 1636 momenti
791 1567 908 1636 habere
927 1567 1103 1636 videntur:

256 1680 287 1769 1)
310 1682 355 1748 Ex
369 1681 563 1750 carminibus
585 1684 598 1749 Ι
621 1701 653 1750 et
671 1683 703 1749 X
726 1684 902 1771 percipitur
922 1682 1095 1750 discrimen
1114 1707 1235 1751 vocum
1263 1697 1332 1764 ant,

213 1809 261 1863 ent
275 1819 292 1862 a
307 1816 399 1885 potea
412 1815 523 1865 nostro
535 1819 602 1864 non
614 1815 775 1864 servatum
785 1796 882 1865 fuisse
895 1795 1130 1886 (migrantement,
1143 1798 1310 1865 luiaumeat
1323 1823 1333 1864 :

212 1913 307 1993 riant,
321 1912 474 1995 chantant,
487 1924 569 1995 tant3
581 1949 626 1960 -
643 1924 706 1978 rent
722 1937 732 1979 :
746 1925 887 1994 avenant,
896 1913 1035 2000 pariant,
1052 1913 1182 1994 demant,
1199 1910 1331 1999 creant).

213 2024 368 2093 Eamdem
384 2048 461 2094 vero
475 2049 593 2094 vocum
608 2025 831 2093 confusionem
856 2028 891 2093 in
911 2028 1070 2115 poematis
1095 2025 1335 2094 animadvertes

212 2164 304 2232 quae,
320 2140 429 2208 scribis
446 2140 622 2216 credentes,
645 2158 757 2229 utpote
777 2141 853 2208 solis
875 2140 1020 2223 testibus,
1043 2140 1178 2210 Nicolao
1197 2142 1334 2208 Museto

211 2254 437 2344 adscripsimus
458 2252 529 2343 (Cf.
547 2277 676 2320 carmen
696 2255 757 2322 VII
785 2280 792 2321 :
812 2268 893 2342 gent,
918 2257 1119 2337 acor'nternent,
1147 2267 1331 2336 outrement,

211 2372 316 2451 neient,
337 2382 450 2457 argent,
472 2368 640 2450 malement,
663 2387 753 2436 etc...
778 2383 932 2451 :comant,
960 2382 1082 2451 nectant,
1106 2371 1219 2457 jainar,
1246 2369 1335 2436 vail-

211 2485 288 2567 lant,
303 2485 445 2564 aiernant,
467 2484 664 2564 rnaintenant,
676 2485 782 2550 vivant
789 2505 803 2563 ;
827 2483 867 2551 cf.
891 2506 1022 2551 carmen
1042 2483 1147 2551 VIII:
1172 2481 1330 2566 briement,

209 2598 448 2679 delonar'rement,
472 2598 665 2686 languerant,
696 2610 820 2665 tonant
850 2623 861 2665 :
886 2611 992 2685 grant,
1021 2598 1156 2680 chaam,
1194 2597 1331 2679 demant,

211 2711 329 2800 chaat).

256 2829 300 2916 II)
341 2828 425 2895 Cum
443 2850 481 2892 ex
504 2829 642 2894 carmine
660 2827 676 2893 I
694 2844 799 2915 pateat
813 2825 985 2896 Nicolaum
1003 2849 1118 2893 vocem
1136 2827 1178 2909 oi,
1197 2823 1298 2913 longa
1316 2851 1331 2894 a

211 2941 261 3008 vel
280 2943 367 3008 brevi
385 2965 401 3008 0
419 2960 619 3030 prognatam,
641 2959 672 3008 et
685 2964 800 3009 vocem
817 2942 857 3023 oi,
880 2939 918 3007 ab
929 2962 972 3007 au
988 2953 1025 3028 -l-
1041 2941 1054 3006 i
1072 2937 1243 3007 oriundam
1258 2963 1328 3029 perv-

211 3059 373 3123 miscuisse
399 3053 503 3143 (joie:
523 3055 608 3122 soloie
629 3057 760 3123 seroie:
777 3055 931 3144 prendrait
953 3074 963 3117 :
990 3055 1097 3123 rraenar‘e
1123 3078 1134 3121 :
1156 3055 1220 3122 noia
1245 3055 1330 3122 :do¹

206 3174 291 3258 gnoie
311 3195 320 3235 :
335 3172 415 3259 joie:
436 3171 555 3238 eointoie
575 3189 582 3232 :
604 3167 744 3256 canror‘e),
764 3167 826 3237 hoc
843 3168 930 3237 idem
945 3171 979 3237 in
997 3170 1137 3237 carmine
1150 3169 1194 3236 III
1213 3161 1330 3258 depress

211 3283 349 3352 hendere
376 3283 448 3350 licet
477 3281 549 3371 (soie
579 3308 586 3350 :
612 3281 786 3372 reflamboie,
808 3280 899 3371 joie),
927 3281 1015 3350 idem
1042 3282 1076 3349 in
1097 3283 1239 3349 carmine
1266 3284 1329 3350 VH

211 3397 387 3488 (chanteroie
412 3418 419 3458 τ
449 3399 574 3464 nanroie
604 3422 610 3464 :
636 3399 698 3464 noia
723 3422 729 3463 :
756 3399 812 3463 soie
837 3422 844 3464 :
866 3399 954 3464 otroie
975 3421 981 3459 :
1001 3396 1117 3464 donror'e
1140 3420 1148 3462 ι
1174 3396 1325 3464 chastoie:

108 3498 113 3503 ’
210 3513 350 3580 vandroie
380 3536 386 3578 :
404 3513 530 3599 seroie:
561 3513 677 3578 metroie
703 3536 710 3578 :
735 3513 791 3578 soie
817 3535 823 3578 :
850 3511 945 3579 devoir
971 3535 978 3577 :
1004 3511 1114 3578 moncia
1138 3511 1290 3598 :prieroie
1318 3533 1325 3577 :

209 3630 331 3695 enroie:
357 3623 488 3712 recror'e),
514 3644 544 3692 et
566 3627 599 3691 in
621 3627 760 3693 carmine
782 3626 857 3693 VIII
881 3624 958 3715 (veie
979 3649 987 3692 :
1007 3626 1068 3713 joie
1094 3624 1290 3692 :revoudroie
1317 3644 1324 3686 :

210 3744 282 3808 moia
303 3760 310 3803 :
326 3742 386 3829 joie
408 3763 414 3805 :
435 3737 564 3805 erbanoie
581 3764 588 3806 :
607 3737 787 3828 maistror'e.)

253 3852 313 3941 ΙΙΙ)
337 3854 389 3918 An
407 3851 490 3941 apud
506 3852 680 3921 Nicolaum
693 3850 918 3940 triphthongus
934 3854 973 3919 iae
990 3853 1024 3918 in
1043 3849 1284 3940 diphthongum
1300 3835 1328 3919 ie

209 3967 373 4049 coaluerit,
398 3969 430 4034 in
451 3966 555 4035 verbis
579 3964 699 4034 scilicet
722 3964 784 4057 legi
801 3989 819 4032 a
835 3964 1000 4033 Bartschio
1020 3964 1122 4034 dictae
1142 3966 1324 4047 asservatis,

209 4084 314 4172 primo
334 4078 483 4168 adspectu
499 4103 626 4167 anceps.
