2782 4980
606 390 781 474 ·⁶9-

177 529 346 608 Quoniam
365 530 440 596 satis
455 546 579 596 constat
591 528 764 596 Nicolaum
789 552 806 595 a
832 527 1118 618 campaniensibus
1139 548 1248 598 orrum

136 667 217 726 esse,
242 643 304 712 hoc
329 642 410 711 mihi
429 643 573 732 primum
598 665 829 731 proposueram
848 662 884 711 ut
902 641 998 731 hujus
1015 641 1167 711 editionis
1186 643 1253 712 for-

133 781 204 826 mas
226 757 265 825 ad
283 758 499 825 imitationem
526 775 673 825 veterum
701 755 881 825 chartarum
904 759 938 824 in
957 758 1152 846 Campaniae
1177 757 1252 826 vul-

133 873 203 961 gari
228 895 377 940 sermone
408 890 610 940 exaratarum
638 870 859 938 informarem.
891 871 985 940 Haud
1011 870 1101 940 aliter
1119 874 1184 961 egit
1202 873 1252 939 vir

133 983 339 1053 doctissimus
352 985 385 1052 da
406 985 537 1075 Wailly,
559 1007 633 1052 cum
658 982 786 1054 alterius
810 986 1251 1075 Campaniensisscriptoris,

133 1097 292 1186 Johannis
317 1099 352 1166 da
364 1099 520 1182 joinvilla,
547 1122 644 1189 opera
662 1101 863 1187 recognovit.
889 1101 981 1166 Hanc
1005 1117 1113 1168 tamen
1139 1099 1253 1190 agendi
1316 1091 1318 1094 ⁴

135 1215 307 1296 rationem,
329 1231 440 1301 utpote
452 1229 709 1295 controversam,
726 1212 846 1301 abjeci3
866 1212 915 1280 his
936 1216 1022 1280 enim
1044 1212 1165 1282 artibus
1184 1232 1253 1283 tum

135 1327 287 1411 Nicolao,
309 1348 378 1397 turn
394 1328 532 1415 Johanni
551 1329 585 1395 de
598 1329 742 1411 loinville
757 1328 863 1395 forsan
881 1328 1014 1411 officies,
1031 1328 1151 1398 nedum
1180 1352 1254 1418 pro-

138 1444 196 1511 sis.
221 1444 363 1532 Quippe,
386 1443 521 1510 minime
545 1442 637 1510 nobis
658 1442 857 1532 exploratum
877 1461 924 1511 est
940 1442 1123 1530 Johannem
1146 1442 1252 1524 illum,

138 1555 295 1625 Ludovici
327 1558 374 1624 IX
402 1555 589 1624 familiarem
622 1556 959 1646 contubemalemque,
992 1559 1096 1647 regiae
1137 1555 1255 1626 domus

136 1673 295 1754 Lutetiae,
310 1673 389 1760 regii
407 1670 600 1739 tabernaculi
619 1673 653 1738 in
668 1674 815 1761 Aegypto
831 1690 1032 1755 sectatorem,
1056 1670 1144 1740 idem
1165 1674 1255 1760 oppi-

137 1783 261 1853 danum
277 1804 308 1853 er
321 1804 444 1874 agreste
457 1783 585 1853 dicendi
603 1809 705 1874 genus
718 1787 888 1854 retinuisse
902 1809 967 1875 quo
982 1784 1070 1854 domi
1086 1785 1255 1855 utebantur

137 1901 248 1968 miseri
268 1900 400 1983 scribae,
420 1901 455 1966 in
475 1900 691 1989 campaniensi
711 1898 853 1990 quodam
874 1924 956 1990 pago
975 1900 1087 1983 clausi,
1108 1918 1139 1970 et
1158 1898 1255 1967 natali

135 2014 209 2082 solo
225 2016 317 2103 quasi
336 2012 515 2081 haerentes.
539 2015 621 2083 Sane
637 2037 704 2081 non
724 2013 811 2082 idem
825 2013 1061 2083 subridiculum
1080 2014 1253 2082 discrimen

137 2129 324 2197 tentavisset
343 2126 462 2196 vir'ille
477 2127 707 2196 urbanissimus
723 2128 888 2214 Johannes
912 2126 998 2219 quod
1021 2130 1115 2197 Cotto
1140 2129 1256 2197 bethu-

140 2245 263 2311 niensis
278 2242 430 2326 subierat,
454 2245 545 2332 cujus
570 2245 775 2332 inquinatum
793 2267 976 2311 sermonem
1001 2244 1164 2312 illuserant
1183 2242 1259 2312 Gal·

140 2357 203 2424 liae
218 2381 273 2424 rex
289 2375 320 2425 et
335 2359 473 2446 regina¹.
493 2396 533 2406 —
550 2359 601 2426 Sic
616 2357 655 2426 de
672 2357 850 2427 errabundo
865 2376 977 2426 nostro
992 2377 1098 2446 poeta,
1110 2356 1257 2449 quidum

139 2494 198 2560 per
229 2469 367 2539 diversas
396 2471 543 2560 regiones
566 2470 750 2561 vagabatur,
787 2471 985 2541 inurbanum
1017 2471 1133 2541 natalis
1159 2472 1254 2541 viculi

139 2583 270 2653 dicendi
299 2608 402 2674 genus
433 2585 615 2675 dereliquit,
642 2605 674 2654 et
703 2595 800 2670 κοινὴν
828 2591 981 2655 διάλεκτον
1010 2586 1198 2676 quamdam,
1222 2605 1258 2656 ut

142 2718 234 2788 pute,
253 2697 412 2768 adhibuit.

186 2815 370 2896 Enimver0,
401 2813 458 2881 illo
491 2813 615 2901 abjecto
662 2815 810 2897 consilio,
847 2814 1024 2883 modestior
1056 2817 1257 2904 securiorque

141 2926 259 2994 edendi
280 2929 360 2996 ratio
380 2951 447 2995 sese
466 2927 570 3011 offert,
588 2930 622 2995 in
642 2927 705 2997 hoc
724 2930 826 3017 posita
845 2951 880 2998 ut
898 2928 1047 2997 codicum
1068 2931 1258 3019 scripturam

141 3043 278 3108 strictim
297 3041 482 3111 referamus.

191 3156 303 3234 Quam
322 3174 429 3223 tamen
449 3158 639 3246 scripturam
673 3157 857 3238 referemus,
890 3155 1150 3247 quandoquidem
1177 3177 1254 3226 octo

145 3269 272 3337 codices
289 3269 415 3338 Nicolai
430 3293 513 3360 quae
532 3291 702 3359 supersunt
719 3295 815 3361 opera
835 3270 1006 3353 tradidere,
1028 3270 1133 3339 nullus
1151 3290 1259 3340 autem

145 3407 228 3472 quae
259 3403 431 3472 supersunt
463 3386 593 3453 omnia?
624 3384 785 3454 Videlicet
811 3385 863 3453 ille
892 3385 993 3454 codex
1016 3385 1182 3474 eligendus
1205 3386 1260 3474 qui

144 3521 283 3564 numero
314 3499 495 3567 carminum
520 3499 659 3588 reliquos
683 3519 812 3590 superat
841 3526 849 3569 ε
879 3503 987 3590 itaque
1005 3519 1080 3568 octo
1105 3503 1260 3580 carmina,

145 3611 354 3680 celeberrimo
375 3612 486 3680 codice
510 3612 657 3681 bernensi
680 3613 741 3704 (B2
760 3615 798 3682 ab
818 3615 951 3683 eruditis
975 3613 1118 3705 signato)
1139 3614 1261 3696 tradita,

148 3748 244 3815 quam
260 3726 446 3795 fidelissime
462 3726 501 3794 ad
515 3728 636 3795 codicis
651 3727 749 3796 fidem
767 3729 936 3811 exscribes,
957 3753 994 3797 ea
1016 3751 1123 3797 tamen
1139 3729 1209 3818 lege
1231 3747 1266 3797 ut

151 3862 270 3908 naevos
287 3838 446 3930 abstergas
465 3860 497 3909 et
511 3843 621 3911 critico
640 3846 804 3932 apparatui
827 3842 1071 3932 discrepantiam
1091 3845 1266 3931 scripturae
1311 3898 1313 3903 .

194 4037 217 4075 ι.
239 4019 364 4075 Chansons
377 4021 406 4075 de
418 4021 504 4076 Conon
515 4022 543 4076 de
555 4023 670 4090 Bitiam,
684 4024 726 4078 ed.
740 4023 932 4089 walensem,
949 4042 975 4096 p.
991 4039 1052 4094 2²3·
