2782 4980
432 821 634 903 CAPUT
686 819 969 902 TERTIUM

134 1144 238 1222 Quen
263 1161 376 1209 Locum
400 1142 569 1209 Nrcomus
592 1158 687 1206 turen
712 1158 803 1205 namt
821 1158 895 1207 araur
914 1156 1046 1206 nrnrcos
1063 1157 1251 1205 ranorum:

176 1279 321 1325 arnone
347 1276 550 1323 conmutatum
576 1273 721 1321 optumus
749 1273 822 1338 aJus
849 1273 983 1320 ananus
1005 1273 1126 1320 rrmcrs
1152 1272 1254 1319 anou-

180 1391 376 1440 nmtrouun.
388 1456 391 1460 .

681 1567 708 1633 Ι.

182 1764 277 1831 Hunc
291 1778 465 1830 venustum
482 1779 610 1850 poetam
629 1762 799 1829 aestimare
819 1779 850 1829 et
867 1779 1035 1840 momento
1052 1784 1112 1830 suo
1130 1761 1255 1851 ponde-

137 1902 206 1959 rate
219 1876 307 1945 libet.

182 1995 228 2061 Ut
239 1989 491 2082 supradiximus,
502 1992 850 2080 sicujusvispoetatum
862 1989 990 2059 scholae
1001 2010 1255 2084 poetam-quem·
1316 2018 1322 2029 “

136 2110 186 2177 vis
203 2130 277 2177 vera
292 2108 514 2174 aestimatione
532 2104 726 2195 perpendere
744 2107 880 2187 conatis,
904 2125 1030 2195 oportet
1044 2126 1079 2175 ut
1095 2109 1254 2199 imprimis

138 2223 321 2298 communia
339 2223 436 2289 totius
451 2220 578 2288 scholae
593 2241 781 2309 argumenta
800 2243 983 2309 percenseas
1002 2241 1097 2312 atque
1116 2222 1255 2292 indicem

138 2338 362 2406 communium
388 2334 538 2404 omnibus
562 2335 790 2403 sententiarum
814 2335 1049 2426 affectuumque
1066 2339 1253 2426 perscribas.

138 2454 188 2522 Sic
224 2452 400 2541 praecipuis
430 2448 589 2518 coloribus
624 2448 773 2517 tabellam
807 2451 926 2538 pictam
956 2450 1091 2534 inficies,
1127 2454 1160 2519 in
1193 2478 1256 2543 qua

138 2566 279 2637 diversos
295 2565 422 2634 scholae
441 2562 565 2632 sodales
585 2564 758 2654 depinges:
776 2566 970 2654 quicumque
989 2585 1084 2654 poeta
1099 2568 1253 2656 singulari

139 2701 172 2752 et
196 2683 291 2749 insita
321 2682 437 2749 virtute
463 2681 589 2761 enituit,
624 2680 752 2768 proprio
785 2679 953 2768 splendore
986 2685 1187 2771 conspicuus,
1220 2686 1254 2751 in

139 2795 255 2867 tabella
284 2821 301 2863 a
326 2794 431 2863 fronte
465 2795 619 2874 emicans,
643 2812 764 2862 exstare
791 2813 886 2883 atque
914 2796 1057 2863 eminere
1082 2795 1255 2885 videbitur,

140 2929 273 3001 ectypae
291 2912 440 2998 imaginis
455 2912 553 2978 instar
559 2937 569 2995 3
591 2910 845 2999 uniuscujusque
869 2928 977 2979 autem
996 2910 1168 2981 mediocris
1186 2939 1256 2983 ver·

141 3025 306 3096 sificatoris
321 3023 456 3113 effigies,
477 3023 573 3094 nullis
593 3026 655 3092 nisi
674 3025 852 3113 praecipuis
867 3042 899 3092 et
913 3026 1140 3096 communibus
1159 3032 1256 3098 totius

141 3145 281 3233 picturae
300 3138 458 3208 coloribus
478 3138 636 3222 distincta,
657 3138 774 3228 pallida
797 3157 829 3206 et
850 3139 995 3224 obscura,
1018 3144 1107 3229 quasi
1124 3144 1257 3231 caligine

142 3257 306 3339 obvoluta,
328 3257 361 3322 in
380 3253 581 3323 abscedentia
600 3252 790 3323 retrocedet.

187 3369 283 3440 Haud
292 3368 515 3439 difficillimum
523 3371 582 3439 erit
590 3388 692 3438 totam
700 3387 876 3438 nostratum
888 3369 1066 3459 lyricorum
1079 3369 1257 3441 doctrinam

142 3509 373 3576 recognoscere
398 3505 429 3555 et
453 3487 544 3575 quasi
570 3485 760 3574 dogmatum
780 3508 895 3574 corpus
917 3485 1108 3571 describere,
1132 3485 1258 3578 dequo

143 3621 241 3692 poeta
259 3602 392 3691 quisque
412 3599 530 3668 diceret
551 3619 558 3661 t
580 3601 614 3668 in
634 3623 673 3668 eo
693 3601 844 3686 vivimus,
868 3623 1051 3683 monemur,
1070 3626 1195 3670 sumus.
1218 3640 1258 3652 -

144 3719 224 3787 Eam
243 3713 422 3802 doctrinam
441 3713 479 3782 ab
504 3712 705 3782 Australibus
726 3713 766 3782 ad
789 3715 1049 3803 septentrionales
1075 3717 1262 3804 migravisse

145 3833 221 3901 satis
244 3847 397 3898 constat:
421 3828 477 3898 sed
502 3831 617 3919 pariter
641 3847 766 3898 constat
785 3831 912 3919 poesim
932 3828 1020 3897 illam
1040 3848 1106 3898 tam
1125 3829 1264 3920 perfecte

145 3945 403 4035 septentrionalis
418 3944 493 4012 coeli
512 3962 642 4012 naturae
660 3944 842 4013 adsuevisse
861 3963 977 4012 utnon
996 3943 1187 4033 alienigena,
1209 3943 1264 4013 sed

148 4060 326 4130 domestica
354 4060 501 4128 evaserit.
537 4058 652 4137 Quid?
680 4081 755 4126 cum
778 4058 940 4127 Iohannes
967 4060 1064 4128 Bretel
1094 4060 1144 4128 vel
1166 4061 1264 4148 Hugo
