2782 4980
432 727 628 809 CAPUT
652 727 955 821 QUARTUM

133 1013 266 1060 POETAM
303 1012 458 1060 NOSTRUM
488 1012 665 1060 COMMUNES
697 1012 786 1059 ISTOS
820 1012 924 1060 Locos
957 1013 1027 1060 NON
1066 1011 1252 1059 SERVILITER

180 1128 360 1190 RETULISSE,
390 1128 446 1173 SED
474 1127 698 1174 PECULIARIBUS
725 1127 945 1181 VENUSTISQUE
968 1126 1091 1174 INGENII
1114 1125 1253 1173 DOTIBUS

179 1242 357 1290 EMINUISSE.

689 1495 705 1562 I

179 1724 290 1811 Longe
317 1722 415 1804 abest,
447 1719 561 1802 fateor,
596 1736 643 1798 ut,
678 1715 835 1808 quidquid
872 1717 1017 1785 Musetus
1054 1717 1251 1805 composuit,

135 1860 258 1906 novum
277 1857 371 1929 atque
389 1839 419 1905 ei
440 1834 597 1925 peculiare
615 1837 667 1902 sit.
688 1834 766 1903 Non
783 1852 906 1920 poterat
920 1833 1008 1899 enim
1021 1855 1090 1899 non
1104 1854 1176 1898 aera
1191 1833 1255 1900 cir-

135 1952 318 2022 cumfusum
354 1953 465 2042 spiritu
500 1948 629 2033 ducere,
668 1971 773 2038 neque
811 1946 938 2030 eadem,
973 1969 1054 2036 quae
1091 1946 1251 2036 aequales,

135 2065 309 2149 imbibisse,
326 2069 483 2157 insitaque
497 2067 532 2132 in
546 2067 655 2132 animo
670 2063 800 2131 habere.
815 2064 901 2145 Imo,
921 2085 995 2129 cum
1010 2084 1132 2144 versus,
1149 2063 1252 2131 victus

135 2180 307 2271 quaerendi
332 2204 437 2260 causa,
461 2179 589 2260 faceret,
615 2176 719 2246 danda
738 2179 767 2246 ei
790 2199 888 2266 opera
907 2194 973 2245 erat
999 2193 1035 2244 ut
1052 2174 1091 2242 ad
1112 2174 1252 2265 plurium

136 2294 282 2385 exempla
300 2318 368 2363 sese
386 2311 597 2383 componeret
617 2317 653 2362 ac
672 2291 759 2382 vulgi
777 2289 882 2361 studia
900 2291 1022 2359 foveret
1043 2316 1051 2358 ε
1078 2288 1165 2380 quod
1184 2291 1253 2380 qui·

136 2409 222 2493 dem,
238 2428 274 2478 ut
287 2410 450 2494 scientiae,
467 2411 512 2477 ita
526 2410 585 2477 arti
599 2410 748 2498 iniquum
767 2425 827 2475 est.
845 2407 999 2475 Carmina
1012 2407 1110 2494 igitur
1124 2428 1163 2472 ex
1177 2424 1254 2473 nota

135 2523 274 2593 formula
295 2526 430 2613 scripsit,
456 2547 497 2592 ne
522 2547 540 2591 a
565 2546 655 2591 more
680 2520 872 2591 dissentiret.
899 2520 1023 2591 Scilicet
1046 2543 1083 2588 ea
1106 2543 1186 2611 quae
1212 2518 1252 2588 de

136 2641 214 2707 Arte
231 2638 358 2707 amandi
371 2638 499 2725 vulgata
513 2655 604 2706 erant
617 2656 784 2727 praecepta
797 2634 987 2719 decantavit,
1008 2638 1052 2704 ita
1069 2654 1118 2720 ut,
1134 2636 1162 2703 si
1182 2637 1252 2726 quis

134 2752 213 2822 velit
236 2777 345 2822 versus
376 2756 443 2841 ejus
466 2751 611 2841 singulos
639 2751 900 2820 adnotationibus
931 2750 1101 2833 illustrare,
1135 2752 1162 2818 is
1187 2750 1252 2818 fere

135 2868 246 2934 omnia
276 2891 356 2956 quae
389 2889 483 2956 supra
520 2863 807 2935 animadvertimus
839 2884 1040 2954 argumenta,
1076 2882 1250 2933 recenseat.

135 2983 298 3063 Assuevit,
311 2999 347 3049 ut
362 2980 414 3048 alii
426 2981 573 3071 aequales
588 2999 713 3070 poetae,
730 2979 769 3047 de
788 2981 888 3047 moris
902 2982 1005 3048 amori
1020 3003 1079 3049 suo
1096 2981 1252 3070 oppositis

135 3116 167 3166 et
185 3096 224 3165 de
239 3100 361 3165 amicae
377 3096 609 3166 inhumanitate
628 3097 740 3187 queri;
761 3097 871 3180 sensit,
891 3103 927 3165 ut
946 3095 1010 3181 alii,
1031 3096 1092 3164 sibi
1107 3099 1253 3166 renovari

133 3235 207 3280 vere
239 3235 324 3279 novo
359 3235 395 3280 ac
427 3210 600 3280 miserabili
633 3211 788 3280 lusciniae
820 3230 916 3280 cantu
946 3209 1091 3295 dolores3
1128 3213 1259 3302 poetice,
1306 3229 1309 3234 ·

135 3327 280 3394 invectus
300 3344 359 3408 est,
380 3346 417 3396 ut
436 3326 501 3411 alii,
523 3328 557 3393 in
572 3349 628 3394 eos
642 3328 697 3416 qui
717 3325 848 3416 perfidis
867 3324 1143 3395 adhortationibus
1160 3350 1252 3414 spem

135 3443 313 3509 amantium
325 3440 468 3509 frustrari
483 3441 605 3509 solent1
619 3467 629 3525 3
644 3461 680 3510 ut
694 3441 759 3525 alii,
773 3441 936 3531 professus
950 3460 997 3510 est
1012 3464 1044 3508 se
1060 3465 1128 3509 non
1143 3443 1253 3530 poeni-

135 3553 234 3623 tendo
249 3578 353 3623 amare
362 3567 387 3637 ²,
405 3554 461 3624 sed
475 3555 611 3624 libenter
625 3550 656 3624 et
670 3575 865 3640 constanter,
883 3576 915 3627 et
926 3581 961 3625 se
975 3554 1123 3625 dolorem
1139 3579 1249 3639 suum,

136 3689 246 3758 utpote
266 3671 480 3738 necessarium
499 3695 626 3739 necnon
645 3691 785 3760 gratum,
806 3671 915 3740 fovere
937 3699 944 3740 ε

174 3905 198 3944 1.
218 3889 255 3942 La
268 3902 334 3960 gent
349 3890 442 3944 haic...
458 3889 496 3944 les
509 3889 606 3957 selons,
621 3890 768 3945 mesdisans
781 3890 959 3963 losengiers...
976 3911 991 3943 »
1077 3875 1078 3878 ¹

172 3988 197 4026 2.
220 3993 234 4024 c
253 3972 310 4028 Toz
322 3975 376 4045 iors
387 3990 422 4028 en
435 3974 536 4044 pardon
549 3975 687 4030 servirai...
701 3991 762 4030 sana
776 3975 899 4047 repentir.
915 3995 930 4026 »
