2782 4980
87 486 173 552 viam
187 481 292 551 adhuc
305 481 495 572 impeditam
515 479 623 548 indico
648 498 680 548 et
700 479 802 549 oculis
822 482 999 570 prospicio,
1017 505 1114 572 quam
1134 507 1201 551 non

87 599 192 682 nobis,
208 600 342 688 posteris
361 596 487 680 saltem,
518 595 624 664 licebit
645 619 845 685 percursare.

132 728 232 810 Nam,
260 749 334 795 cum
354 728 419 814 iam
440 725 522 792 circa
539 722 627 791 mille
648 721 748 791 medii
768 725 838 794 aevi
859 726 1000 793 carmina
1021 724 1107 794 edita
1125 727 1201 810 sint,

93 843 183 929 copia
211 841 363 908 materiae
390 837 483 907 nobis
509 857 635 928 praesto
654 856 713 920 est,
740 836 904 907 incondita
925 837 1071 929 quidem,
1102 838 1204 908 solida

90 976 211 1036 tamen,
242 978 306 1044 qua
328 954 471 1022 futurum
501 977 582 1043 opus
609 952 772 1036 inchoare,
800 953 923 1022 futuras
953 953 1047 1023 aedes
1070 955 1205 1023 fundare

89 1072 262 1162 possimus.
283 1070 411 1137 Etenim
430 1066 512 1136 hanc
533 1066 726 1157 indigestam
741 1068 864 1137 molem
887 1091 978 1136 mens
996 1072 1093 1158 agitat
1110 1093 1205 1160 quae-

89 1185 177 1270 dam,
198 1208 279 1275 quae
298 1206 413 1253 omnes
430 1183 515 1251 illius
535 1185 644 1251 aetatis
662 1201 771 1273 poetas
790 1184 919 1266 afflavit,
942 1208 1046 1273 neque
1068 1184 1206 1253 arduum

91 1320 139 1371 est
159 1302 275 1368 seriem
291 1300 516 1367 communium
525 1299 676 1367 omnibus
686 1318 950 1387 argumentorum
961 1322 1204 1388 recognoscere,
1259 1303 1264 1312 “

92 1436 124 1485 et
137 1415 311 1507 lyricorum
324 1413 504 1481 thematum
521 1411 662 1481 indicem
679 1412 883 1503 perscribere.

137 1544 189 1612 Sic
207 1541 306 1610 medii
324 1543 394 1610 aevi
412 1541 504 1630 lyrici
520 1540 683 1630 exemplar
705 1560 737 1608 et
755 1543 845 1630 quasi
863 1541 1049 1632 archetypum
1063 1542 1121 1611 tibi
1136 1544 1207 1610 ani-

92 1682 149 1726 mo
181 1656 333 1746 effingere
367 1674 473 1744 potes;
505 1673 596 1744 potes
625 1654 884 1724 circumscribere
910 1657 994 1724 intra
1019 1680 1100 1746 quos
1125 1656 1206 1725 fines

93 1772 310 1862 unusquisque
326 1770 411 1838 illius
430 1771 539 1837 aetatis
559 1789 654 1858 poeta
675 1793 802 1838 necesse
822 1769 1014 1840 revolvatur.
1041 1773 1094 1839 Est
1116 1775 1206 1839 enim

93 1887 235 1978 quolibet
252 1904 409 1975 tempore,
426 1902 475 1951 est
489 1883 625 1952 circulus
642 1884 775 1974 quidam
797 1887 1041 1970 sententiarum,
1059 1909 1204 1970 morum,

93 2003 278 2084 affectuum,
309 2002 344 2068 in
373 2023 469 2089 quem
485 2022 600 2089 gyrum
624 2022 722 2067 nemo
745 2024 814 2068 non
833 2001 1056 2090 compellatur,
1080 2025 1119 2068 ex
1142 2026 1207 2091 quo

95 2140 194 2185 nemo
203 2114 294 2182 facile
309 2113 432 2182 evadat.

138 2242 203 2313 Ubi
217 2262 324 2312 autem
340 2241 426 2309 hunc
436 2240 549 2310 orbem
561 2239 701 2326 duxeris,
719 2243 881 2329 inquirere
895 2241 1003 2312 licebit
1016 2263 1127 2313 utrum
1138 2244 1208 2333 qui-

93 2382 156 2450 que
169 2359 285 2447 lyricus
304 2356 478 2447 lyricomm
502 2354 710 2446 archetypum
734 2359 801 2447 pari
820 2359 1004 2426 imitatione
1024 2360 1064 2426 sit
1090 2381 1212 2426 conse-

93 2493 204 2559 cutus3
225 2495 266 2541 an
280 2475 362 2541 intra
374 2491 476 2540 certos
496 2473 590 2540 istius
607 2471 717 2540 circuli
739 2470 832 2552 fines,
855 2475 997 2540 minores
1009 2473 1119 2541 circuli
1133 2475 1212 2541 scri-

94 2587 191 2658 bendi
213 2589 291 2671 sint,
321 2585 354 2655 id
381 2604 429 2655 est
452 2610 493 2654 an
517 2587 660 2654 minores
684 2587 840 2654 creverint
868 2586 1014 2656 affinium
1041 2606 1210 2676 poetarum

93 2704 220 2774 scholae
240 2722 271 2770 et
290 2704 382 2792 quasi
400 2699 541 2768 familiae
548 2727 558 2784 ;
580 2701 649 2768 imo
669 2724 710 2768 an
729 2720 842 2790 poetae
862 2703 1042 2770 exstiterint
1062 2702 1212 2770 nonnulli

95 2819 163 2909 qui,
185 2840 241 2907 per
255 2840 288 2885 se
307 2833 426 2885 stantes
442 2833 474 2884 et
491 2817 635 2884 aceteris
654 2814 780 2897 seclusi,
801 2814 965 2905 archetypi
981 2819 1093 2904 εἰδώλῳ
1118 2840 1210 2906 repu-

96 2932 280 3022 gnaverint,
296 2928 418 2998 nedum
432 2928 589 2998 serviliter
607 2931 838 2998 consenserint.

141 3059 234 3128 Hanc
253 3060 488 3149 quaestionem,
514 3056 737 3127 deficientibus
762 3056 866 3127 adhuc
889 3057 1070 3129 studiorum
1093 3061 1216 3127 instru-

96 3176 226 3258 mentis,
248 3196 347 3243 nemo
364 3171 462 3242 hodie
481 3174 609 3262 penitus
624 3171 786 3263 explorare
808 3175 891 3263 potis
911 3193 978 3258 est;
1006 3174 1082 3243 licet
1105 3193 1215 3243 tamen

98 3290 232 3359 scrutari
248 3311 290 3358 an
308 3312 359 3358 res
374 3286 490 3356 idonea
502 3289 555 3372 sit,
578 3287 617 3357 de
635 3311 698 3379 qua
711 3309 892 3379 quaeratur.

145 3417 254 3497 Quare
271 3415 333 3486 hoc
350 3415 506 3506 opusculo
523 3455 565 3466 -
582 3415 670 3507 quod
696 3416 810 3486 futuris
835 3416 986 3506 operibus
1008 3418 1099 3506 quasi
1126 3439 1214 3506 prae·

99 3530 181 3600 ludit
200 3570 244 3582 —
260 3533 428 3601 communi
442 3532 557 3620 lyricae
572 3532 671 3600 medii
691 3534 762 3600 aevi
777 3524 911 3622 poeseos
926 3556 1040 3600 norma
1056 3550 1087 3599 et
1105 3531 1214 3620 regula

99 3648 243 3737 primum
258 3644 402 3729 definita,
425 3670 500 3715 cum
520 3645 583 3714 hoc
601 3646 694 3736 lyrici
713 3668 824 3736 poetae
850 3646 1020 3736 archetypo
1041 3646 1216 3716 Nicolaum

100 3763 267 3830 Musetnm
283 3779 315 3830 et
334 3761 507 3829 Cononem
521 3760 773 3830 Bethuniensem
787 3762 962 3830 conferam.

148 3887 250 3971 Quod
268 3890 295 3958 si
315 3906 427 3980 poetae
441 3890 494 3958 isti
508 3890 592 3960 inter
610 3912 644 3958 se
663 3888 806 3981 dispares
825 3887 979 3975 evadunt,
1000 3906 1032 3957 et
1051 3888 1218 3958 communi

1104 4501 1324 4664 m
