2782 4980
706 390 882 482 ..35-

232 526 366 599 insitum
392 553 399 599 :
421 554 496 599 nam
520 555 594 602 cum
617 534 656 602 ab
679 555 808 603 amante
828 537 953 625 patiens
972 534 1179 628 difficilisque
1199 536 1351 623 initiatio,

230 644 334 713 lentus
353 644 393 714 ad
412 647 561 716 virtutem
581 670 766 738 progressus
786 649 993 732 desideretur,
1015 674 1091 720 cum
1111 652 1227 720 servile
1246 656 1352 722 Amo-

229 760 272 826 ris
288 763 463 850 praeceptis
478 761 667 851 obsequium
681 765 837 854 exigatur,
854 764 930 853 quid
946 768 1207 835 consectarium?
1221 768 1351 858 Nempe

228 873 312 963 apud
328 897 450 944 veteres
470 897 580 966 poetas
601 880 705 946 Amor
721 900 788 946 non
808 881 908 946 animi
928 878 1029 949 libido
1048 879 1197 966 habetur,
1222 882 1283 952 sed
1301 905 1352 951 ars

227 1008 258 1057 et
276 991 422 1058 doctrina.
438 992 527 1082 Legu
533 992 592 1059 leia
607 1011 715 1061 autem
730 1017 791 1076 ars,
810 993 995 1064 formularia
1008 1016 1039 1064 et
1053 995 1254 1084 scrupulosa,
1269 1021 1350 1088 quae

227 1106 417 1174 minutiores
437 1108 646 1175 caerimonias
676 1110 786 1177 statuit
806 1109 986 1200 pusillaque
1017 1128 1118 1193 curat,
1145 1112 1235 1195 ritui,
1263 1135 1353 1202 prae·

227 1222 364 1310 scriptis,
381 1220 497 1289 officiis
512 1220 671 1292 adstricta.
689 1222 851 1290 -Aliam
866 1222 997 1313 quidem
1013 1227 1129 1293 nostris
1148 1227 1351 1316 temporibus

224 1332 342 1423 lyricae
354 1359 488 1425 poeseos
500 1337 675 1427 imaginem
686 1339 797 1405 animo
811 1340 1021 1429 concepimus
1038 1365 1046 1407 τ
1063 1340 1181 1409 scilicet
1193 1342 1230 1409 in
1241 1341 1350 1411 media

225 1449 338 1518 mundi
354 1450 430 1520 sede
444 1451 545 1520 locata
563 1471 623 1535 est,
640 1471 795 1542 tanquam
812 1453 897 1522 orbis
910 1453 1091 1539 umbilicus,
1108 1479 1201 1524 mens
1216 1476 1346 1546 poetae,

227 1591 243 1628 «
263 1590 356 1634 mens
374 1566 428 1634 illa
446 1567 639 1657 crystallina,
659 1593 675 1630 »
696 1587 732 1637 ut
748 1571 907 1638 recentior
925 1568 1005 1637 dixit
1023 1588 1124 1653 vates,
1146 1594 1229 1659 quae
1243 1575 1347 1641 varias

222 1704 340 1750 vocum
360 1705 530 1773 rerumque
547 1685 714 1771 imagines,
731 1703 766 1753 ut
783 1709 799 1746 «
815 1708 932 1752 sonora
946 1683 1028 1753 echo
1046 1709 1062 1748 u
1079 1684 1221 1775 replicet.
1243 1688 1346 1758 Vetus

223 1815 336 1864 contra
354 1795 453 1864 medii
476 1799 545 1866 aevi
564 1796 695 1885 lyricus,
721 1801 852 1867 Amoris
875 1823 998 1883 servus,
1022 1801 1057 1866 in
1079 1800 1174 1869 verba
1197 1802 1346 1892 magistri

222 1912 326 1998 jurare
341 1909 498 1997 addictus,
514 1936 639 2002 semper
653 1914 702 1982 sui
717 1936 863 2003 compos,
880 1938 946 1982 non
961 1916 1110 2004 proprios
1125 1915 1228 1983 animi
1243 1919 1346 2006 impe-

222 2044 273 2095 tus
291 2025 388 2095 bbere
401 2030 572 2116 expromit,
588 2026 656 2110 sed,
673 2046 709 2096 ut
723 2029 767 2096 ita
782 2027 902 2113 dicam,
919 2028 1077 2098 secundas
1093 2030 1171 2119 agit.

756 2276 803 2344 IV

262 2500 427 2580 Attamen,
450 2498 616 2586 numquis
637 2495 756 2564 infitias
777 2495 835 2564 ibit
855 2495 1007 2586 plurimas
1030 2495 1121 2568 dotes
1147 2497 1342 2592 easdemque

216 2633 305 2704 grata
323 2615 465 2680 novitate
483 2611 640 2701 pollentes
658 2610 697 2678 ab
716 2611 812 2699 huius
831 2613 940 2680 aetatis
959 2612 1066 2702 lyricis
1085 2614 1124 2695 in
1140 2605 1268 2684 nostras
1285 2616 1342 2684 lit·

218 2747 300 2796 teras
315 2729 457 2817 primum
472 2725 606 2794 adscitas
621 2726 718 2794 fuisse
734 2746 765 2794 et
780 2726 922 2795 infusas?

260 2843 422 2931 imprimis
441 2842 529 2909 enim
549 2840 631 2908 habe
650 2860 721 2910 ante
744 2841 855 2910 oculos
874 2841 1033 2910 feritatem
1056 2844 1150 2910 istam
1170 2845 1338 2933 epicorum

218 2975 417 3047 poematum,
440 2978 521 3045 quae
545 2954 624 3038 sola,
648 2955 755 3046 quoad
776 2956 874 3044 lyrica
899 2959 1005 3046 poesis
1028 2955 1113 3046 apud
1139 2958 1338 3046 Septentrio·

216 3072 304 3140 nales
337 3071 447 3160 repsit,
485 3073 644 3158 majorum
681 3090 867 3140 nostrorum
906 3070 1002 3140 rudes
1037 3073 1162 3139 animos
1201 3071 1337 3143 rudibus

215 3185 369 3255 illecebris
401 3184 591 3254 delenivere.
625 3186 759 3274 Respice
786 3184 914 3253 heroica
942 3185 1008 3267 illa,
1039 3183 1172 3274 grandia
1201 3186 1335 3274 quidem

215 3303 339 3392 quoties
371 3299 565 3368 bellatricem
593 3298 793 3368 iracundiam
821 3302 952 3388 spirant,
984 3299 1129 3389 vulgaria
1159 3319 1269 3368 aurem
1297 3305 1332 3370 in

215 3413 414 3483 mollioribus
438 3415 573 3503 pectoris
596 3413 738 3481 sensibus
763 3412 991 3495 exscribendis,
1016 3432 1049 3482 et
1071 3414 1161 3503 quasi
1184 3416 1330 3503 puerilia.

215 3531 394 3600 Occurrant
419 3529 475 3597 tibi
499 3548 547 3598 tot
567 3529 705 3597 feminae
726 3529 798 3596 rudi
820 3529 962 3596 tironum
985 3529 1146 3617 imperitia
1169 3528 1209 3597 ab
1235 3533 1332 3620 epicis

214 3644 356 3734 depictae
373 3670 380 3712 :
398 3667 465 3713 non
494 3643 644 3713 uxoribus
674 3641 806 3733 quidem
833 3642 958 3724 alludo,
986 3665 1046 3710 nec
1070 3641 1241 3727 matribus,
1270 3667 1330 3712 nec

211 3783 384 3849 generosae
415 3759 462 3827 illi
497 3760 625 3828 comitis
658 3757 835 3826 Guilhelmi
869 3759 974 3839 uxori,
1013 3781 1072 3825 nec
1105 3761 1330 3848 magnanimae

210 3873 370 3965 Radulphi
389 3875 627 3943 Cameracensis
641 3874 758 3956 matri;
776 3870 833 3940 sed
852 3870 972 3960 puellas
984 3895 1145 3955 memoro,
1158 3871 1328 3963 simplicis·

211 3994 291 4059 sima
310 3990 513 4084 belluinaque
532 3988 683 4079 cupidine
701 3987 849 4069 calentes,
872 4005 903 4056 et
922 3988 1011 4077 quasi
1030 3989 1219 4057 innocenter
1236 3986 1329 4058 luxu·
