2782 4980
616 432 659 444 ··
683 414 721 483 23
749 433 793 442 ²·
838 473 841 477 .

184 534 256 604 Nec
283 555 366 623 opus
389 532 527 602 arduum
550 557 715 618 conamur,
741 557 801 603 nec
832 533 967 600 omnino
996 556 1119 601 novum
1136 558 1150 600 -:
1180 549 1273 599 nam·

139 647 219 714 haec
239 666 419 716 nostratum
437 646 612 736 lyricorum
632 648 746 738 placita
765 650 829 736 jam
846 646 952 738 plures
968 644 1173 730 edisseruere,
1198 645 1256 715 sed

139 763 328 853 plerumque
351 763 511 832 detorsere
534 790 541 832 :
566 767 644 850 sive,
665 767 837 854 incipiente
861 784 973 833 nostro
993 762 1134 845 saecu10,
1163 762 1253 830 illam
1302 787 1305 792 ·

139 875 179 946 de
193 901 304 946 amore
323 877 502 948 doctrinam
516 878 587 969 plus
600 904 702 970 aequo
721 879 908 949 extulerunt
927 899 959 947 et
972 878 1089 947 fucatis
1098 877 1258 946 coloribus

137 994 412 1063 concinnaverunt
429 992 575 1077 eruditi1,
596 996 662 1065 sive
677 999 794 1063 nostris
810 993 1018 1083 temporibus,
1040 992 1141 1060 faceta
1153 993 1256 1060 ironia

137 1125 169 1175 et
182 1107 275 1191 bella,
294 1108 440 1178 eamdem
454 1110 489 1176 in
504 1108 639 1178 ludibria
657 1120 854 1178 verterunt2.

675 1381 715 1449 Π.

179 1610 268 1678 Tota
286 1632 324 1677 ex
347 1608 511 1677 nonnullis
530 1611 690 1701 principiis
709 1610 808 1699 lyrica
827 1609 924 1677 medii
951 1612 1020 1677 aevi
1039 1613 1144 1698 poesis
1163 1633 1256 1678 cons·

135 1743 181 1794 tat
202 1744 234 1792 et
252 1722 370 1813 pendet
391 1749 398 1791 :
421 1722 475 1792 ubi
500 1726 643 1813 primum
662 1748 699 1792 ea
719 1722 902 1814 primordia
925 1743 1032 1792 mente
1058 1727 1180 1814 cepisti,
1208 1743 1257 1794 tot

133 1843 232 1925 varia,
256 1859 403 1931 quassata
421 1859 454 1910 et
474 1841 604 1928 disjecta
621 1861 809 1931 argumenta
825 1840 1015 1910 ordinantur
1034 1840 1158 1931 aliaque
1179 1864 1254 1909 cum

136 1954 206 2024 aliis
220 1973 403 2025 nectuntur.
421 1955 515 2033 Quae
527 1976 634 2025 autem
647 1976 721 2025 sunt
742 1959 800 2024 istu
824 1957 1002 2047 principia?

180 2070 304 2139 Scilicet
320 2094 412 2139 amor
430 2072 478 2140 vis
492 2089 541 2140 est
555 2070 713 2160 quaedam
732 2073 766 2139 in
787 2073 927 2140 amantis
943 2070 1072 2140 arbitrio
1091 2090 1122 2139 et
1139 2070 1254 2140 volun·

134 2204 198 2254 tate
218 2187 323 2255 insita.
347 2188 425 2258 Non
448 2185 487 2255 de
507 2186 699 2256 ineluctabili
721 2187 773 2254 illa
798 2189 940 2277 potentia
960 2189 1066 2276 agitur
1089 2210 1170 2276 quae
1204 2185 1257 2276 (ut

133 2299 218 2390 apud
235 2301 388 2370 Graeciae
410 2321 441 2370 et
464 2303 644 2370 Britanniae
662 2320 772 2392 poetas
791 2300 888 2391 solet)
909 2302 975 2369 fato
998 2320 1031 2369 et
1054 2303 1243 2369 necessitate

134 2419 167 2483 in
193 2433 305 2505 pectus
329 2415 466 2506 obrepit,
503 2418 650 2484 animum
672 2416 794 2506 fatigat,
826 2435 929 2506 urget,
958 2414 1110 2485 debellat.
1146 2417 1253 2485 Hosce
1293 2449 1296 2454 ·

133 2529 302 2619 Sophoclis
331 2553 443 2598 versus
470 2529 577 2600 nullus
612 2551 797 2602 nostrorum
823 2531 999 2622 lyricorum
1031 2530 1254 2615 intellexisset,

133 2644 255 2714 nedum
274 2643 469 2734 probavisset
488 2666 496 2709 :

273 2784 379 2873 Ἔρως
392 2787 509 2855 ἀνίκατε
527 2792 637 2874 μάχαν,

273 2885 391 2974 Ἔρως,
413 2891 445 2967 ὃς
461 2896 491 2955 ἐν
507 2899 633 2974 κτήμασι
647 2897 774 2971 πίπτεις,

289 2991 321 3067 ὃς
336 2996 367 3055 ἐν
383 2996 532 3072 μαλακαῖς
546 3005 682 3076 παρειαῖς

288 3094 417 3169 νεάνιδος
435 3097 611 3177 ἐννυχεύεις,

289 3202 387 3280 φοιτᾷς
402 3184 623 3280 δ’ὑπερπὸντιος
639 3200 668 3259 ἑν
687 3191 895 3279 τ’ἀγρονὸμοις
910 3197 1028 3270 αὐλαῖς·

288 3298 336 3359 καὶ
354 3292 379 3358 α’
395 3293 455 3360 οὔτ’
471 3293 622 3361 ἀθανάτων
640 3296 762 3380 φύξιμος
777 3296 870 3372 οὐδεὶς

287 3391 353 3460 oilb’
369 3397 497 3480 ἁμερίων
515 3394 565 3461 ἐπ’
582 3395 755 3482 ἀνθρώπων,
774 3403 788 3462 ὁ
806 3393 914 3480 δ’ἔχων
935 3404 1075 3478 μέμηνεν.

290 3495 333 3560 Σὺ
354 3500 401 3561 καί
416 3501 533 3562 δικαίων
549 3496 666 3574 ἀδίκους

289 3603 395 3681 φρένας
408 3608 565 3686 παρασπᾷς
581 3602 627 3663 ἐπὶ
642 3599 795 3687 labben...

292 3702 449 3784 ...ἄμαχος
464 3699 521 3784 γάρ
538 3705 670 3782 ἐμπαίζει
687 3705 753 3777 θεὸς
776 3697 967 3786 Ἀφροδίτα3.

88 3940 93 3948 ,
172 3901 200 3940 1.
222 3886 261 3942 Ut
275 3887 445 3960 Raynouard.

169 3985 199 4025 2.
223 3970 290 4025 Pace
301 3972 379 4026 amici
392 3973 445 4027 mei
456 3972 571 4046 Jeanroy
589 3973 713 4030 dixerim.

174 4067 203 4125 μ’
219 4054 326 4127 Antig.,
340 4055 402 4128 781.
