2782 4980
570 405 613 414 .-.
639 384 652 450 5
682 403 723 413 —

134 511 277 599 Quippe,
299 510 360 576 nisi
376 508 479 591 fallor,
499 506 553 576 ubi
564 509 689 595 copiam
702 506 884 574 editionum
895 506 928 571 in
939 523 1091 594 promptu
1109 504 1208 573 habe·

90 624 210 708 bimus,
230 644 340 692 nostra
363 623 403 691 de
423 624 534 712 priscis
558 622 664 712 lyricis
681 620 797 710 judicia
824 622 1002 688 necessario
1022 622 1209 709 aequiorem

90 741 122 807 in
141 739 279 807 modum
299 738 520 806 deflectentur.

137 856 230 936 Quae
257 875 384 935 tamen,
410 856 563 938 latemur,
582 876 750 942 nunquam
767 852 911 921 funditus
933 869 1125 920 evertentur.
1145 852 1212 918 Pti-

93 996 187 1040 mum
215 973 304 1040 enim
332 970 423 1060 plura
451 970 490 1039 de
520 994 554 1037 re
580 993 679 1059 quam
707 967 901 1036 tractandam
932 991 990 1057 pro
1012 967 1097 1035 virili
1125 986 1212 1056 parte

92 1087 291 1175 suscepimus
314 1090 499 1176 ignoramus
524 1103 555 1152 et
579 1083 800 1172 ignorabimus
827 1101 834 1144 τ
863 1101 944 1171 quot
973 1083 1111 1151 carmina
1139 1107 1211 1172 sup-

93 1226 202 1292 presso
222 1204 359 1270 auctoris
383 1203 517 1268 nomine
544 1199 656 1267 tradita
683 1216 769 1281 sunt,
794 1221 933 1288 quorum
958 1221 1084 1287 semper
1102 1218 1214 1267 auctor

92 1316 260 1386 celabitur!
284 1298 376 1395 Quot
400 1337 567 1405 poetarum
588 1314 666 1383 nihil
684 1334 828 1403 superest
848 1315 986 1401 exceptis
1012 1315 1137 1402 triginta
1158 1332 1213 1382 aut

94 1433 325 1522 quinquaginta
355 1429 513 1513 versibus,
549 1453 630 1520 quos
658 1429 858 1497 saeculorum
885 1430 999 1516 injuria
1027 1429 1119 1496 nobis
1147 1453 1213 1496 non

95 1545 224 1614 invidit!
243 1546 335 1626 Quot
354 1565 524 1636 poetarum
543 1545 618 1613 latet
636 1545 700 1611 vita
715 1561 746 1611 et
764 1541 889 1611 latebitl
911 1545 1004 1622 Quae
1020 1543 1212 1612 indiciorum

96 1662 252 1750 paucitas!

138 1779 210 1844 Imo
222 1801 290 1845 non
304 1775 508 1844 infitiandum
525 1795 571 1844 est
589 1777 727 1844 istorum
747 1792 934 1864 poematum
958 1776 1114 1862 majorem
1141 1799 1212 1863 par-

97 1910 162 1959 tem
190 1915 304 1981 parum
328 1891 515 1980 significate.
540 1894 623 1957 Nam
652 1889 980 1979 praeterquamquod
999 1894 1096 1958 totius
1112 1890 1211 1958 medii
1229 1910 1231 1915 ·

97 2010 165 2075 aevi
181 2005 245 2073 hoc
261 2007 375 2074 vitium
393 2024 440 2074 est
455 2029 588 2094 poeseos
600 2025 635 2074 ut
649 2007 799 2095 proprios
815 2024 986 2093 poetarum
1006 2030 1119 2073 sensus
1136 2029 1211 2093 pro-

97 2122 173 2209 priis
192 2119 296 2188 verbis
307 2144 404 2210 quarn
423 2123 581 2188 rarissime
592 2120 725 2201 indicet,
741 2119 803 2189 hoc
823 2144 891 2187 non
916 2121 991 2187 satis
1012 2121 1213 2190 animadver-

98 2254 206 2303 terunt
226 2235 342 2304 eruditi
371 2256 378 2297 :
403 2236 522 2304 scilicet
545 2256 702 2304 nostrates
726 2235 843 2323 lyricos
868 2258 936 2302 non
957 2255 1024 2304 tam
1046 2251 1212 2326 poetarum,

97 2375 195 2440 quarn
210 2354 389 2418 musicorum
401 2349 528 2418 laudem
545 2353 745 2439 appetivisse.
759 2350 859 2428 Quod
875 2350 1019 2418 vividum
1030 2354 1063 2419 in
1079 2353 1214 2420 modum

98 2467 252 2554 expressit
263 2466 360 2534 Folco
380 2465 606 2532 Massiliensis:
628 2493 644 2526 u
662 2465 777 2544 Qualis
792 2468 919 2554 aquaria
933 2467 1020 2533 mola
1033 2468 1101 2534 sine
1119 2490 1211 2557 aqua,

99 2579 168 2646 talis
181 2578 312 2668 stropha
332 2581 400 2646 sine
416 2582 555 2647 musicae
569 2579 687 2648 modis.
717 2605 733 2641 n
749 2579 807 2647 llle
823 2579 910 2647 idem
925 2583 1103 2648 carminum
1118 2586 1214 2671 scrip-

98 2712 150 2761 tor
182 2695 237 2782 qui
264 2694 297 2760 in
328 2693 470 2760 versibus
502 2693 673 2762 scribendis
700 2693 812 2762 eadem
834 2714 1019 2785 argumenta
1051 2699 1119 2763 sine
1147 2696 1213 2765 ullo

100 2805 224 2878 delectu
240 2805 350 2875 crebro
368 2827 511 2897 usurpet,
529 2812 617 2898 quasi
637 2808 750 2878 dictata
767 2809 912 2878 decantet
927 2830 957 2878 et
978 2810 1081 2879 aliena
1099 2814 1214 2880 scrinia

98 2919 303 3007 impudenter
317 2922 482 3012 compilet,
502 2921 691 3011 rhythmum
704 2944 816 2993 contra
831 2923 997 3014 melosque
1015 2929 1215 3016 uniuscujus-

99 3059 162 3126 que
176 3038 326 3104 carminis
350 3037 431 3105 adeo
445 3035 612 3126 distinguit
630 3056 677 3118 ut,
694 3040 728 3106 in
746 3041 906 3129 sexaginta
925 3063 1007 3129 quae
1026 3044 1217 3110 exstiterunt

104 3153 273 3240 poematis,
298 3151 517 3236 Theobaldus,
545 3155 705 3224 Navarrae
736 3177 802 3236 rex,
833 3153 1049 3242 rhythmicam
1072 3154 1217 3244 stropha·

100 3287 174 3331 rutn
188 3264 478 3333 conformationem
502 3267 643 3356 sexagies
660 3267 838 3334 variaverit.
867 3267 972 3334 Melos
997 3269 1031 3334 in
1056 3271 1216 3358 mancipio

100 3473 206 3530 prorsus
221 3460 297 3530 pretii
309 3472 372 3514 sunt
384 3458 556 3532 farraginesa
575 3460 662 3515 Tatbe
675 3462 761 3516 editae
782 3481 796 3512 n
810 3462 851 3532 (de
863 3470 939 3516 nostr.
961 3470 1025 3535 poet.
1042 3480 1068 3534 p.
1094 3464 1151 3536 97).
1176 3464 1220 3518 Sic

99 3553 189 3596 autem
201 3541 226 3612 J.
241 3543 427 3610 Braltelmann,
443 3545 543 3598 Chans:
560 3565 574 3595 α
595 3543 673 3600 Cette
686 3546 787 3599 edition
799 3546 846 3616 (de
860 3544 972 3600 Blondel
987 3546 1021 3599 de
1032 3545 1125 3617 Nesle)
1146 3564 1180 3601 ne
1194 3546 1219 3602 le

97 3626 163 3680 cede
170 3643 203 3680 en
218 3627 274 3680 rien
286 3645 337 3681 aux
351 3639 438 3680 autres
451 3627 627 3698 publications
640 3629 672 3682 de
686 3630 724 3683 M.
739 3628 835 3685 Tarbe.
850 3630 923 3684 C'est
934 3628 960 3683 la
970 3633 1058 3684 meme
1069 3631 1180 3685 absence
1189 3631 1221 3685 de

99 3711 220 3780 critique,
238 3710 271 3764 de
283 3711 421 3778 methode,
435 3711 468 3765 de
481 3724 541 3766 tout
563 3711 655 3766 travail
670 3713 879 3780 consciencieux,
904 3714 929 3767 le
951 3716 1040 3768 meme
1060 3731 1176 3786 manque
1189 3715 1221 3769 de

98 3793 255 3848 l’erudition
266 3794 451 3868 philologique
464 3797 618 3850 necessaire.
634 3797 723 3864 Aussi,
739 3797 870 3868 l'opinion
884 3798 986 3852 n’etant
1006 3798 1065 3869 plus
1085 3802 1100 3852 a
1122 3816 1150 3853 se
1170 3797 1223 3853 for-

102 3894 218 3932 mersur
231 3877 269 3934 les
284 3891 393 3933 travaux
406 3879 439 3934 de
460 3880 498 3935 M.
520 3879 615 3947 Tarbe,
637 3881 663 3954 je
685 3898 719 3934 ne
743 3882 848 3936 croirais
866 3885 957 3936 meme
975 3899 1021 3954 pas
1043 3881 1106 3936 faire
1130 3899 1224 3936 oeuvre

102 3960 167 4015 utile
179 3978 213 4015 en
224 3961 343 4016 relevant
355 3974 381 4016 et
396 3979 429 4018 en
441 3963 558 4018 refutant
568 3964 606 4018 les
619 3981 720 4019 erreurs
735 3965 816 4036 qu’on
832 3979 970 4021 rencontre
990 3970 1006 4020 a
1028 3967 1130 4040 chaque
1154 3983 1221 4041 page

103 4044 138 4100 de
152 4057 220 4102 cette
231 4044 403 4118 publication.
424 4067 438 4099 >r
