2782 4980
155 530 195 603 Et
207 535 375 625 esperonchc
391 561 431 606 en
447 556 494 606 est
513 538 534 605 li
550 536 638 606 drois
653 538 744 608 delis.

201 652 289 718 Estre
304 655 404 734 ames,
422 652 524 721 ch’est
537 653 560 720 li
574 656 678 723 mercis
695 680 703 723 ε

201 766 262 834 Par
275 785 396 856 resgart
412 787 460 835 est
474 770 632 836 contenebit

200 881 240 947 Et
252 904 308 971 par
326 881 629 971 valoirporsievie1.

98 1011 226 1112 ¹Liquet
244 1021 407 1092 Adamum
426 1021 475 1090 his
493 1024 636 1093 versibus
656 1022 773 1093 iisdem
792 1025 996 1095 lineamentis
1015 1046 1110 1118 atque
1125 1053 1185 1118 ego

65 1140 132 1226 ipse
159 1161 301 1206 amorem
329 1136 532 1227 descripsisse
560 1165 569 1207 ε
593 1162 684 1208 amor
702 1139 823 1208 scilicet
843 1144 877 1209 in
899 1144 1034 1211 amantis
1056 1143 1185 1213 arbitri0

66 1251 225 1342 (volentis)
245 1254 386 1343 positus3
405 1292 449 1303 -
468 1255 646 1323 constantia
665 1259 784 1324 amanti
803 1258 948 1346 injuncta
965 1256 1099 1347 (durans
1123 1273 1186 1329 tous

62 1366 189 1457 jours);
207 1371 381 1437 -amoris
398 1368 514 1458 gaudia
529 1392 596 1437 non
611 1369 773 1461 voluptate
794 1369 935 1456 delinita,
953 1372 1009 1440 sed
1029 1371 1186 1442 desiderio

67 1501 100 1551 et
112 1508 167 1573 spe
178 1482 360 1572 (dubriam,
375 1483 561 1574 esperanche)
571 1511 580 1568 ;
591 1509 765 1553 —merces
775 1488 844 1554 visu
860 1485 1004 1577 quidem,
1014 1486 1103 1556 idest
1117 1512 1186 1557 cor·

67 1623 168 1689 poreo
183 1618 215 1666 et
227 1598 364 1668 sensibili
384 1598 631 1689 pulchritudinis
647 1624 813 1690 percussu,
835 1604 961 1691 incepta
980 1601 1054 1692 (par
1072 1617 1185 1692 ratgart

65 1712 253 1804 commchic),
275 1716 393 1784 virtute
412 1736 520 1784 autem
536 1736 566 1783 et
585 1717 708 1784 meritis
727 1717 864 1805 perlecta
878 1715 954 1806 (par
968 1718 1068 1787 valuit
1076 1721 1187 1807 porsir-

65 1826 142 1918 vie).

602 2027 646 2094 III

114 2250 173 2316 His
195 2248 394 2338 paucissimis
418 2269 606 2337 argumenta
629 2246 713 2337 apud
734 2247 850 2336 lyricos
875 2267 1001 2317 nostros
1024 2250 1188 2336 gratiosis-

69 2366 152 2432 sima
166 2365 255 2451 quasi
269 2364 302 2430 in
316 2360 547 2452 compendium
561 2363 697 2431 breviter
711 2364 941 2431 contraximus.

115 2480 230 2546 Fateor
245 2477 397 2567 equidem
417 2502 424 2541 ι
441 2479 468 2544 si
486 2479 556 2567 quis
574 2499 643 2575 non
663 2479 796 2567 percipit
810 2480 939 2568 quantis
956 2479 1043 2547 vitiis
1057 2499 1188 2567 peccent

69 2596 129 2661 ista
144 2613 341 2683 argumenta,
357 2591 470 2681 caligat
483 2594 517 2659 in
529 2590 608 2660 sole.

115 2710 257 2776 Primum
276 2708 364 2775 enim
382 2726 505 2775 veteres
526 2705 628 2795 lyrici,
655 2707 708 2774 tali
731 2709 850 2775 amoris
869 2727 902 2776 et
918 2731 1053 2797 poeseos
1072 2709 1188 2798 speciei

70 2822 223 2906 adstricti,
244 2820 381 2891 fundum
397 2824 451 2911 qui
471 2820 585 2910 lyricae
604 2824 692 2910 poesi
710 2824 778 2909 jure
792 2820 1021 2890 vindicandum
1038 2842 1085 2890 est
1104 2824 1187 2891 miro

70 2937 170 3007 modo
189 2936 388 3006 deminuere.
408 2939 479 3006 Nec
499 2955 640 3025 optatam
665 2960 724 3004 nec
743 2937 901 3026 expletam
919 2936 1131 3027 voluptatem,
1152 2959 1188 3006 ut

70 3054 183 3122 erotici
207 3050 458 3121 duodevicesimi
486 3052 602 3120 saeculi
629 3073 752 3140 poetae,
782 3053 943 3136 cecinere3
970 3054 1048 3142 quin
1075 3056 1185 3135 etiam,

70 3167 274 3258 exsecrabilia
293 3168 447 3250 carmina,
466 3168 618 3249 convitia,
639 3167 814 3255 zelotypiae
834 3166 1016 3255 desperatos
1035 3169 1184 3256 impetus,

68 3301 119 3351 tot
132 3282 356 3351 fecundissima
366 3282 482 3349 nostris
494 3279 692 3371 temporibus
704 3300 904 3369 argumenta,
920 3280 979 3348 sibi
993 3280 1185 3370 praecidere.

70 3400 157 3468 Cum
177 3417 329 3488 perpetua
349 3416 380 3465 et
400 3398 576 3465 necessaria
595 3397 829 3484 exspectatione
849 3394 1034 3484 penderent,
1059 3416 1188 3464 eatenus

69 3511 262 3603 plerumque
292 3514 451 3601 progressi
485 3529 560 3579 sunt
590 3529 626 3578 ut
654 3510 829 3578 sexcenties
860 3530 1057 3578 recantarent
1091 3534 1188 3599 quam

70 3626 202 3712 durum,
224 3651 322 3718 quam
341 3626 450 3708 molle,
469 3650 565 3716 quam
587 3624 751 3708 acerbum,
772 3648 869 3714 quam
892 3648 988 3693 suave
1005 3626 1047 3693 sit
1065 3649 1189 3714 exspec-

69 3744 162 3812 tatio.
188 3744 286 3814 Nunc
301 3744 459 3809 Amorem
480 3740 680 3808 obtestantur
700 3763 741 3807 ne
766 3763 821 3807 eos
842 3738 1062 3808 inclementius
1085 3740 1190 3809 debel-

68 3859 136 3927 lare
150 3857 240 3942 velit,
254 3857 365 3925 militis
382 3858 481 3924 instar
500 3857 556 3946 qui
575 3858 736 3923 inermem
756 3853 884 3922 hostem
899 3873 1008 3943 aperta
1022 3856 1054 3922 vi
1067 3856 1192 3944 procul-

110 4068 133 4106 1.
153 4050 252 4117 Adam,
265 4051 337 4118 XIII,
353 4068 380 4122 p.
397 4065 439 4122 53.
