<?xml version="1.0" encoding="UTF-8"?>
<!DOCTYPE html PUBLIC "-//W3C//DTD XHTML 1.0 Transitional//EN"
    "http://www.w3.org/TR/xhtml1/DTD/xhtml1-transitional.dtd">
<html xmlns="http://www.w3.org/1999/xhtml" xml:lang="en" lang="en">
 <head>
  <title>
</title>
<meta http-equiv="Content-Type" content="text/html;charset=utf-8" />
  <meta name='ocr-system' content='tesseract 3.04.00' />
  <meta name='ocr-capabilities' content='ocr_page ocr_carea ocr_par ocr_line ocrx_word'/>
</head>
<body>
  <div class='ocr_page' id='page_1' title='image "./denicolaomuseto00bdgoog_0058.png"; bbox 0 0 2782 4980; ppageno 0'>
   <div class='ocr_carea' id='block_1_1' title="bbox 132 535 1251 749">
    <p class='ocr_par' dir='ltr' id='par_1_1' title="bbox 132 535 1251 749">
     <span class='ocr_line' id='line_1_1' title="bbox 132 535 1251 634; baseline -0.001 -22"><span class='ocrx_word' id='word_1_1' title='bbox 132 540 278 613; x_wconf 89' lang='lat' dir='ltr'>amatorii</span> <span class='ocrx_word' id='word_1_2' title='bbox 299 538 439 613; x_wconf 87' lang='lat' dir='ltr'>dolores.</span> <span class='ocrx_word' id='word_1_3' title='bbox 465 568 481 606; x_wconf 77' lang='lat' dir='ltr'>r&gt;</span> <span class='ocrx_word' id='word_1_4' title='bbox 504 543 620 633; x_wconf 90' lang='lat' dir='ltr'>Neque</span> <span class='ocrx_word' id='word_1_5' title='bbox 642 545 710 632; x_wconf 92' lang='lat' dir='ltr'>ipse</span> <span class='ocrx_word' id='word_1_6' title='bbox 736 542 889 611; x_wconf 88' lang='lat' dir='ltr'>abstinuit</span> <span class='ocrx_word' id='word_1_7' title='bbox 908 535 1064 613; x_wconf 87' lang='lat' dir='ltr'>Nicolaus</span> <span class='ocrx_word' id='word_1_8' title='bbox 1083 540 1161 634; x_wconf 91' lang='lat' dir='ltr'>quin</span> <span class='ocrx_word' id='word_1_9' title='bbox 1184 539 1251 633; x_wconf 89' lang='lat' dir='ltr'>pari</span> 
     </span>
     <span class='ocr_line' id='line_1_2' title="bbox 133 658 1015 749; baseline -0.002 -21"><span class='ocrx_word' id='word_1_10' title='bbox 133 664 256 728; x_wconf 89' lang='lat' dir='ltr'>ratione</span> <span class='ocrx_word' id='word_1_11' title='bbox 271 683 328 727; x_wconf 90' lang='lat' dir='ltr'>sua</span> <span class='ocrx_word' id='word_1_12' title='bbox 342 682 471 749; x_wconf 88' lang='lat' dir='ltr'>quoque</span> <span class='ocrx_word' id='word_1_13' title='bbox 484 677 632 748; x_wconf 86' lang='lat' dir='ltr'>poemata</span> <span class='ocrx_word' id='word_1_14' title='bbox 645 658 832 726; x_wconf 86' lang='lat' dir='ltr'><strong>calamistris</strong></span> <span class='ocrx_word' id='word_1_15' title='bbox 846 659 989 727; x_wconf 88' lang='lat' dir='ltr'>inureret</span> <span class='ocrx_word' id='word_1_16' title='bbox 1007 683 1015 726; x_wconf 75' lang='grc' dir='ltr'><strong><em>ε</em></strong></span> 
     </span>
    </p>
   </div>
   <div class='ocr_carea' id='block_1_2' title="bbox 218 798 1088 2039">
    <p class='ocr_par' dir='ltr' id='par_1_2' title="bbox 218 798 1038 1121">
     <span class='ocr_line' id='line_1_3' title="bbox 218 798 964 890; baseline -0.001 -22"><span class='ocrx_word' id='word_1_17' title='bbox 218 798 221 803; x_wconf 72' lang='grc'><strong>’</strong></span> <span class='ocrx_word' id='word_1_18' title='bbox 311 800 394 869; x_wconf 93' lang='lat' dir='ltr'>Molt</span> <span class='ocrx_word' id='word_1_19' title='bbox 411 799 552 868; x_wconf 90' lang='lat' dir='ltr'>m&#39;anuie</span> <span class='ocrx_word' id='word_1_20' title='bbox 567 798 669 868; x_wconf 89' lang='lat' dir='ltr'>d’iver</span> <span class='ocrx_word' id='word_1_21' title='bbox 683 823 746 890; x_wconf 93' lang='lat' dir='ltr'>que</span> <span class='ocrx_word' id='word_1_22' title='bbox 765 817 832 868; x_wconf 91' lang='lat' dir='ltr'>tant</span> <span class='ocrx_word' id='word_1_23' title='bbox 848 823 866 867; x_wconf 89' lang='lat' dir='ltr'>a</span> <span class='ocrx_word' id='word_1_24' title='bbox 885 798 964 869; x_wconf 77' lang='lat' dir='ltr'>dure</span> 
     </span>
     <span class='ocr_line' id='line_1_4' title="bbox 312 913 1038 1003; baseline 0 -20"><span class='ocrx_word' id='word_1_25' title='bbox 312 915 388 994; x_wconf 91' lang='lat' dir='ltr'>Que</span> <span class='ocrx_word' id='word_1_26' title='bbox 407 917 436 1003; x_wconf 83' lang='lat' dir='ltr'>je</span> <span class='ocrx_word' id='word_1_27' title='bbox 453 938 494 983; x_wconf 93' lang='lat' dir='ltr'>ne</span> <span class='ocrx_word' id='word_1_28' title='bbox 509 918 563 982; x_wconf 90' lang='lat' dir='ltr'>voi</span> <span class='ocrx_word' id='word_1_29' title='bbox 581 916 747 1003; x_wconf 85' lang='lat' dir='ltr'>rossignoz</span> <span class='ocrx_word' id='word_1_30' title='bbox 766 937 806 982; x_wconf 93' lang='lat' dir='ltr'>en</span> <span class='ocrx_word' id='word_1_31' title='bbox 826 913 917 983; x_wconf 88' lang='lat' dir='ltr'>bruel</span> <span class='ocrx_word' id='word_1_32' title='bbox 937 918 1038 998; x_wconf 77' lang='lat' dir='ltr'>rame,</span> 
     </span>
     <span class='ocr_line' id='line_1_5' title="bbox 311 1029 927 1121; baseline -0.003 -22"><span class='ocrx_word' id='word_1_33' title='bbox 311 1031 349 1099; x_wconf 87' lang='lat' dir='ltr'>Et</span> <span class='ocrx_word' id='word_1_34' title='bbox 364 1029 420 1098; x_wconf 78' lang='lat' dir='ltr'>des</span> <span class='ocrx_word' id='word_1_35' title='bbox 435 1055 498 1121; x_wconf 90' lang='lat' dir='ltr'>que</span> <span class='ocrx_word' id='word_1_36' title='bbox 512 1033 542 1119; x_wconf 81' lang='lat' dir='ltr'>je</span> <span class='ocrx_word' id='word_1_37' title='bbox 557 1031 613 1100; x_wconf 91' lang='lat' dir='ltr'>voi</span> <span class='ocrx_word' id='word_1_38' title='bbox 632 1029 661 1097; x_wconf 88' lang='lat' dir='ltr'>le</span> <span class='ocrx_word' id='word_1_39' title='bbox 676 1049 746 1099; x_wconf 91' lang='lat' dir='ltr'>tens</span> <span class='ocrx_word' id='word_1_40' title='bbox 765 1029 927 1111; x_wconf 78' lang='lat' dir='ltr'>renovele‚</span> 
     </span>
    </p>

    <p class='ocr_par' dir='ltr' id='par_1_3' title="bbox 313 1145 1088 2039">
     <span class='ocr_line' id='line_1_6' title="bbox 313 1145 1041 1235; baseline 0 -22"><span class='ocrx_word' id='word_1_41' title='bbox 313 1145 347 1213; x_wconf 89' lang='lat' dir='ltr'>Si</span> <span class='ocrx_word' id='word_1_42' title='bbox 362 1169 414 1213; x_wconf 90' lang='lat' dir='ltr'>me</span> <span class='ocrx_word' id='word_1_43' title='bbox 429 1147 580 1214; x_wconf 88' lang='lat' dir='ltr'>convient</span> <span class='ocrx_word' id='word_1_44' title='bbox 595 1169 657 1235; x_wconf 89' lang='lat' dir='ltr'>que</span> <span class='ocrx_word' id='word_1_45' title='bbox 672 1146 701 1230; x_wconf 82' lang='lat' dir='ltr'>je</span> <span class='ocrx_word' id='word_1_46' title='bbox 719 1146 800 1228; x_wconf 91' lang='lat' dir='ltr'>soie,</span> <span class='ocrx_word' id='word_1_47' title='bbox 820 1168 861 1212; x_wconf 93' lang='lat' dir='ltr'>en</span> <span class='ocrx_word' id='word_1_48' title='bbox 876 1162 944 1212; x_wconf 89' lang='lat' dir='ltr'>cest</span> <span class='ocrx_word' id='word_1_49' title='bbox 961 1148 1041 1229; x_wconf 77' lang='lat' dir='ltr'>este,</span> 
     </span>
     <span class='ocr_line' id='line_1_7' title="bbox 313 1259 1053 1350; baseline -0.003 -22"><span class='ocrx_word' id='word_1_50' title='bbox 313 1260 388 1329; x_wconf 93' lang='lat' dir='ltr'>Plus</span> <span class='ocrx_word' id='word_1_51' title='bbox 407 1262 534 1350; x_wconf 87' lang='lat' dir='ltr'>mignos</span> <span class='ocrx_word' id='word_1_52' title='bbox 553 1279 585 1329; x_wconf 92' lang='lat' dir='ltr'>et</span> <span class='ocrx_word' id='word_1_53' title='bbox 603 1261 762 1328; x_wconf 78' lang='lat' dir='ltr'>envoisies</span> <span class='ocrx_word' id='word_1_54' title='bbox 781 1283 844 1350; x_wconf 93' lang='lat' dir='ltr'>que</span> <span class='ocrx_word' id='word_1_55' title='bbox 862 1259 926 1327; x_wconf 91' lang='lat' dir='ltr'>n&#39;ai</span> <span class='ocrx_word' id='word_1_56' title='bbox 945 1260 1053 1328; x_wconf 75' lang='lat' dir='ltr'>este...</span> 
     </span>
     <span class='ocr_line' id='line_1_8' title="bbox 361 1374 957 1465; baseline -0.002 -22"><span class='ocrx_word' id='word_1_57' title='bbox 361 1426 429 1443; x_wconf 88' lang='grc'><strong>.....</strong></span> <span class='ocrx_word' id='word_1_58' title='bbox 441 1377 489 1443; x_wconf 90' lang='lat' dir='ltr'>En</span> <span class='ocrx_word' id='word_1_59' title='bbox 508 1376 585 1459; x_wconf 91' lang='lat' dir='ltr'>mai,</span> <span class='ocrx_word' id='word_1_60' title='bbox 604 1392 706 1465; x_wconf 86' lang='lat' dir='ltr'>quant</span> <span class='ocrx_word' id='word_1_61' title='bbox 724 1374 745 1442; x_wconf 92' lang='lat' dir='ltr'>li</span> <span class='ocrx_word' id='word_1_62' title='bbox 764 1375 957 1463; x_wconf 90' lang='lat' dir='ltr'>rossignolet</span> 
     </span>
     <span class='ocr_line' id='line_1_9' title="bbox 441 1488 1040 1559; baseline -0.002 0"><span class='ocrx_word' id='word_1_63' title='bbox 441 1490 603 1559; x_wconf 90' lang='lat' dir='ltr'>Chantent</span> <span class='ocrx_word' id='word_1_64' title='bbox 620 1489 685 1558; x_wconf 91' lang='lat' dir='ltr'>cler</span> <span class='ocrx_word' id='word_1_65' title='bbox 703 1489 733 1558; x_wconf 92' lang='lat' dir='ltr'>el</span> <span class='ocrx_word' id='word_1_66' title='bbox 752 1509 820 1558; x_wconf 89' lang='lat' dir='ltr'>vert</span> <span class='ocrx_word' id='word_1_67' title='bbox 834 1488 1040 1559; x_wconf 91' lang='lat' dir='ltr'>buissonet...</span> 
     </span>
     <span class='ocr_line' id='line_1_10' title="bbox 359 1603 967 1693; baseline -0.005 -19"><span class='ocrx_word' id='word_1_68' title='bbox 359 1657 427 1674; x_wconf 91' lang='grc'><strong>.....</strong></span> <span class='ocrx_word' id='word_1_69' title='bbox 440 1605 491 1672; x_wconf 88' lang='lat' dir='ltr'>Or</span> <span class='ocrx_word' id='word_1_70' title='bbox 508 1607 562 1673; x_wconf 90' lang='lat' dir='ltr'>voi</span> <span class='ocrx_word' id='word_1_71' title='bbox 575 1603 606 1673; x_wconf 90' lang='lat' dir='ltr'>le</span> <span class='ocrx_word' id='word_1_72' title='bbox 621 1603 703 1673; x_wconf 92' lang='lat' dir='ltr'>dous</span> <span class='ocrx_word' id='word_1_73' title='bbox 718 1623 789 1672; x_wconf 91' lang='lat' dir='ltr'>tens</span> <span class='ocrx_word' id='word_1_74' title='bbox 803 1605 967 1693; x_wconf 89' lang='lat' dir='ltr'>repairier‚</span> 
     </span>
     <span class='ocr_line' id='line_1_11' title="bbox 441 1718 1088 1810; baseline -0.005 -22"><span class='ocrx_word' id='word_1_75' title='bbox 441 1722 516 1799; x_wconf 91' lang='lat' dir='ltr'>Que</span> <span class='ocrx_word' id='word_1_76' title='bbox 534 1720 557 1788; x_wconf 93' lang='lat' dir='ltr'>li</span> <span class='ocrx_word' id='word_1_77' title='bbox 577 1718 751 1810; x_wconf 89' lang='lat' dir='ltr'>rossignols</span> <span class='ocrx_word' id='word_1_78' title='bbox 770 1718 886 1788; x_wconf 92' lang='lat' dir='ltr'>chante</span> <span class='ocrx_word' id='word_1_79' title='bbox 905 1742 946 1787; x_wconf 92' lang='lat' dir='ltr'>en</span> <span class='ocrx_word' id='word_1_80' title='bbox 965 1720 1088 1804; x_wconf 89' lang='lat' dir='ltr'>mai...‚</span> 
     </span>
     <span class='ocr_line' id='line_1_12' title="bbox 440 1832 897 1924; baseline -0.004 -21"><span class='ocrx_word' id='word_1_81' title='bbox 440 1835 518 1903; x_wconf 91' lang='lat' dir='ltr'>Bien</span> <span class='ocrx_word' id='word_1_82' title='bbox 532 1835 598 1904; x_wconf 91' lang='lat' dir='ltr'>cuit</span> <span class='ocrx_word' id='word_1_83' title='bbox 613 1858 676 1922; x_wconf 89' lang='lat' dir='ltr'>que</span> <span class='ocrx_word' id='word_1_84' title='bbox 692 1832 765 1902; x_wconf 87' lang='lat' dir='ltr'>doie</span> <span class='ocrx_word' id='word_1_85' title='bbox 780 1833 897 1924; x_wconf 85' lang='lat' dir='ltr'>alegier</span> 
     </span>
     <span class='ocr_line' id='line_1_13' title="bbox 441 1948 989 2039; baseline -0.002 -22"><span class='ocrx_word' id='word_1_86' title='bbox 441 1951 479 2017; x_wconf 91' lang='lat' dir='ltr'>Li</span> <span class='ocrx_word' id='word_1_87' title='bbox 498 1949 578 2018; x_wconf 89' lang='lat' dir='ltr'>mals</span> <span class='ocrx_word' id='word_1_88' title='bbox 598 1967 628 2018; x_wconf 93' lang='lat' dir='ltr'>et</span> <span class='ocrx_word' id='word_1_89' title='bbox 643 1949 673 2016; x_wconf 90' lang='lat' dir='ltr'>ia</span> <span class='ocrx_word' id='word_1_90' title='bbox 689 1948 798 2017; x_wconf 86' lang='lat' dir='ltr'>doiors</span> <span class='ocrx_word' id='word_1_91' title='bbox 816 1973 880 2039; x_wconf 91' lang='lat' dir='ltr'>que</span> <span class='ocrx_word' id='word_1_92' title='bbox 894 1948 989 2038; x_wconf 84' lang='lat' dir='ltr'>j&#39;ai...</span> 
     </span>
    </p>
   </div>
   <div class='ocr_carea' id='block_1_3' title="bbox 140 2089 1259 2636">
    <p class='ocr_par' dir='ltr' id='par_1_4' title="bbox 140 2089 1259 2636">
     <span class='ocr_line' id='line_1_14' title="bbox 184 2089 1255 2182; baseline 0.001 -23"><span class='ocrx_word' id='word_1_93' title='bbox 184 2092 297 2182; x_wconf 88' lang='lat' dir='ltr'>Atqui,</span> <span class='ocrx_word' id='word_1_94' title='bbox 317 2090 398 2161; x_wconf 89' lang='lat' dir='ltr'>adeo</span> <span class='ocrx_word' id='word_1_95' title='bbox 416 2092 668 2180; x_wconf 87' lang='lat' dir='ltr'>intemperanter</span> <span class='ocrx_word' id='word_1_96' title='bbox 686 2109 717 2159; x_wconf 94' lang='lat' dir='ltr'>et</span> <span class='ocrx_word' id='word_1_97' title='bbox 735 2089 951 2159; x_wconf 88' lang='lat' dir='ltr'>inverecunde</span> <span class='ocrx_word' id='word_1_98' title='bbox 969 2091 1060 2179; x_wconf 89' lang='lat' dir='ltr'>lyrici</span> <span class='ocrx_word' id='word_1_99' title='bbox 1075 2089 1255 2175; x_wconf 89' lang='lat' dir='ltr'>lusciniola,</span> 
     </span>
     <span class='ocr_line' id='line_1_15' title="bbox 140 2204 1258 2302; baseline -0.002 -28"><span class='ocrx_word' id='word_1_100' title='bbox 140 2225 174 2274; x_wconf 88' lang='lat' dir='ltr'>et</span> <span class='ocrx_word' id='word_1_101' title='bbox 186 2229 287 2275; x_wconf 91' lang='lat' dir='ltr'>verno</span> <span class='ocrx_word' id='word_1_102' title='bbox 301 2225 467 2302; x_wconf 27' lang='lat' dir='ltr'>tempores</span> <span class='ocrx_word' id='word_1_103' title='bbox 477 2223 509 2274; x_wconf 93' lang='lat' dir='ltr'>et</span> <span class='ocrx_word' id='word_1_104' title='bbox 524 2205 744 2288; x_wconf 89' lang='lat' dir='ltr'>leucacantho,</span> <span class='ocrx_word' id='word_1_105' title='bbox 766 2223 798 2274; x_wconf 91' lang='lat' dir='ltr'>et</span> <span class='ocrx_word' id='word_1_106' title='bbox 817 2204 1006 2275; x_wconf 88' lang='lat' dir='ltr'>florentibus</span> <span class='ocrx_word' id='word_1_107' title='bbox 1023 2204 1130 2275; x_wconf 91' lang='lat' dir='ltr'>dumis</span> <span class='ocrx_word' id='word_1_108' title='bbox 1148 2229 1258 2296; x_wconf 91' lang='lat' dir='ltr'>vepre-</span> 
     </span>
     <span class='ocr_line' id='line_1_16' title="bbox 141 2319 1257 2410; baseline -0.001 -20"><span class='ocrx_word' id='word_1_109' title='bbox 141 2321 283 2410; x_wconf 89' lang='lat' dir='ltr'>culisque</span> <span class='ocrx_word' id='word_1_110' title='bbox 298 2320 507 2390; x_wconf 84' lang='lat' dir='ltr'>abutebantur</span> <span class='ocrx_word' id='word_1_111' title='bbox 525 2339 560 2389; x_wconf 95' lang='lat' dir='ltr'>ut</span> <span class='ocrx_word' id='word_1_112' title='bbox 576 2321 643 2409; x_wconf 91' lang='lat' dir='ltr'>ipse</span> <span class='ocrx_word' id='word_1_113' title='bbox 662 2319 818 2389; x_wconf 88' lang='lat' dir='ltr'>Nicolaus</span> <span class='ocrx_word' id='word_1_114' title='bbox 838 2321 988 2388; x_wconf 90' lang='lat' dir='ltr'>restiterit</span> <span class='ocrx_word' id='word_1_115' title='bbox 1010 2344 1017 2388; x_wconf 92' lang='lat'>:</span> <span class='ocrx_word' id='word_1_116' title='bbox 1037 2347 1053 2382; x_wconf 80' lang='lat' dir='ltr'>u</span> <span class='ocrx_word' id='word_1_117' title='bbox 1069 2321 1139 2391; x_wconf 91' lang='lat' dir='ltr'>Nec</span> <span class='ocrx_word' id='word_1_118' title='bbox 1153 2343 1257 2403; x_wconf 88' lang='lat' dir='ltr'>rosae,</span> 
     </span>
     <span class='ocr_line' id='line_1_17' title="bbox 142 2433 1259 2526; baseline 0 -23"><span class='ocrx_word' id='word_1_119' title='bbox 142 2437 261 2526; x_wconf 90' lang='lat' dir='ltr'>inquit,</span> <span class='ocrx_word' id='word_1_120' title='bbox 282 2460 343 2505; x_wconf 89' lang='lat' dir='ltr'>nec</span> <span class='ocrx_word' id='word_1_121' title='bbox 357 2435 437 2520; x_wconf 86' lang='lat' dir='ltr'>lilia,</span> <span class='ocrx_word' id='word_1_122' title='bbox 455 2460 513 2504; x_wconf 89' lang='lat' dir='ltr'>nec</span> <span class='ocrx_word' id='word_1_123' title='bbox 532 2433 664 2526; x_wconf 86' lang='lat' dir='ltr'>gladioli</span> <span class='ocrx_word' id='word_1_124' title='bbox 678 2435 831 2503; x_wconf 89' lang='lat' dir='ltr'>florentes</span> <span class='ocrx_word' id='word_1_125' title='bbox 846 2459 900 2504; x_wconf 93' lang='lat' dir='ltr'>me</span> <span class='ocrx_word' id='word_1_126' title='bbox 912 2434 1079 2504; x_wconf 92' lang='lat' dir='ltr'>hortantur</span> <span class='ocrx_word' id='word_1_127' title='bbox 1093 2454 1130 2505; x_wconf 93' lang='lat' dir='ltr'>ut</span> <span class='ocrx_word' id='word_1_128' title='bbox 1142 2437 1259 2504; x_wconf 90' lang='lat' dir='ltr'>iterum</span> 
     </span>
     <span class='ocr_line' id='line_1_18' title="bbox 142 2550 751 2636; baseline -0.002 -17"><span class='ocrx_word' id='word_1_129' title='bbox 142 2574 267 2636; x_wconf 89' lang='lat' dir='ltr'>canam,</span> <span class='ocrx_word' id='word_1_130' title='bbox 285 2551 340 2620; x_wconf 95' lang='lat' dir='ltr'>sed</span> <span class='ocrx_word' id='word_1_131' title='bbox 359 2552 427 2619; x_wconf 89' lang='lat' dir='ltr'>sola</span> <span class='ocrx_word' id='word_1_132' title='bbox 442 2574 514 2618; x_wconf 90' lang='lat' dir='ltr'>mea</span> <span class='ocrx_word' id='word_1_133' title='bbox 527 2550 610 2619; x_wconf 90' lang='lat' dir='ltr'>flava</span> <span class='ocrx_word' id='word_1_134' title='bbox 624 2551 727 2618; x_wconf 91' lang='lat' dir='ltr'>amica</span> <span class='ocrx_word' id='word_1_135' title='bbox 743 2575 751 2618; x_wconf 75' lang='grc' dir='ltr'><strong>ε</strong></span> 
     </span>
    </p>
   </div>
   <div class='ocr_carea' id='block_1_4' title="bbox 387 2690 1021 3126">
    <p class='ocr_par' dir='ltr' id='par_1_5' title="bbox 388 2690 937 2781">
     <span class='ocr_line' id='line_1_19' title="bbox 388 2690 937 2781; baseline -0.005 -19"><span class='ocrx_word' id='word_1_136' title='bbox 388 2694 485 2775; x_wconf 91' lang='lat' dir='ltr'>Rose,</span> <span class='ocrx_word' id='word_1_137' title='bbox 502 2716 543 2759; x_wconf 91' lang='lat' dir='ltr'>ne</span> <span class='ocrx_word' id='word_1_138' title='bbox 560 2692 612 2776; x_wconf 90' lang='lat' dir='ltr'>lis,</span> <span class='ocrx_word' id='word_1_139' title='bbox 629 2715 670 2760; x_wconf 90' lang='lat' dir='ltr'>ne</span> <span class='ocrx_word' id='word_1_140' title='bbox 688 2691 800 2760; x_wconf 88' lang='lat' dir='ltr'>florete</span> <span class='ocrx_word' id='word_1_141' title='bbox 819 2690 858 2759; x_wconf 93' lang='lat' dir='ltr'>de</span> <span class='ocrx_word' id='word_1_142' title='bbox 873 2691 937 2781; x_wconf 86' lang='lat' dir='ltr'>glai</span> 
     </span>
    </p>

    <p class='ocr_par' dir='ltr' id='par_1_6' title="bbox 387 2806 902 2889">
     <span class='ocr_line' id='line_1_20' title="bbox 387 2806 902 2889; baseline -0.006 -12"><span class='ocrx_word' id='word_1_143' title='bbox 387 2808 438 2877; x_wconf 92' lang='lat' dir='ltr'>Ne</span> <span class='ocrx_word' id='word_1_144' title='bbox 453 2807 482 2876; x_wconf 95' lang='lat' dir='ltr'>le</span> <span class='ocrx_word' id='word_1_145' title='bbox 496 2831 550 2875; x_wconf 90' lang='lat' dir='ltr'>me</span> <span class='ocrx_word' id='word_1_146' title='bbox 568 2806 624 2877; x_wconf 87' lang='lat' dir='ltr'>fait</span> <span class='ocrx_word' id='word_1_147' title='bbox 638 2808 902 2889; x_wconf 73' lang='lat' dir='ltr'>recommendet,</span> 
     </span>
    </p>

    <p class='ocr_par' dir='ltr' id='par_1_7' title="bbox 387 2919 1021 3126">
     <span class='ocr_line' id='line_1_21' title="bbox 387 2919 1021 3012; baseline -0.005 -21"><span class='ocrx_word' id='word_1_148' title='bbox 387 2924 466 2991; x_wconf 89' lang='lat' dir='ltr'>Fors</span> <span class='ocrx_word' id='word_1_149' title='bbox 481 2922 512 2990; x_wconf 87' lang='lat' dir='ltr'>la</span> <span class='ocrx_word' id='word_1_150' title='bbox 526 2919 689 3006; x_wconf 89' lang='lat' dir='ltr'>blondete,</span> <span class='ocrx_word' id='word_1_151' title='bbox 706 2945 766 3012; x_wconf 92' lang='lat' dir='ltr'>por</span> <span class='ocrx_word' id='word_1_152' title='bbox 779 2924 830 2990; x_wconf 92' lang='lat' dir='ltr'>cui</span> <span class='ocrx_word' id='word_1_153' title='bbox 844 2924 873 3009; x_wconf 83' lang='lat' dir='ltr'>je</span> <span class='ocrx_word' id='word_1_154' title='bbox 892 2922 1021 3005; x_wconf 89' lang='lat' dir='ltr'>morrai,</span> 
     </span>
     <span class='ocr_line' id='line_1_22' title="bbox 387 3035 1009 3126; baseline -0.013 -21"><span class='ocrx_word' id='word_1_155' title='bbox 387 3037 427 3105; x_wconf 89' lang='lat' dir='ltr'>Se</span> <span class='ocrx_word' id='word_1_156' title='bbox 445 3038 559 3105; x_wconf 90' lang='lat' dir='ltr'>mercis</span> <span class='ocrx_word' id='word_1_157' title='bbox 577 3061 617 3106; x_wconf 93' lang='lat' dir='ltr'>ne</span> <span class='ocrx_word' id='word_1_158' title='bbox 636 3036 694 3104; x_wconf 91' lang='lat' dir='ltr'>m&#39;i</span> <span class='ocrx_word' id='word_1_159' title='bbox 713 3056 789 3126; x_wconf 89' lang='lat' dir='ltr'>puet</span> <span class='ocrx_word' id='word_1_160' title='bbox 807 3035 904 3105; x_wconf 91' lang='lat' dir='ltr'>aidier</span> <span class='ocrx_word' id='word_1_161' title='bbox 916 3037 969 3103; x_wconf 78' lang='lat' dir='ltr'>i...</span> <span class='ocrx_word' id='word_1_162' title='bbox 993 3061 1009 3098; x_wconf 81' lang='lat' dir='ltr'>n</span> 
     </span>
    </p>
   </div>
   <div class='ocr_carea' id='block_1_5' title="bbox 145 3177 1262 3614">
    <p class='ocr_par' dir='ltr' id='par_1_8' title="bbox 145 3177 1262 3614">
     <span class='ocr_line' id='line_1_23' title="bbox 188 3177 1261 3271; baseline 0 -24"><span class='ocrx_word' id='word_1_163' title='bbox 188 3181 323 3271; x_wconf 87' lang='lat' dir='ltr'>Ingenui</span> <span class='ocrx_word' id='word_1_164' title='bbox 346 3178 424 3248; x_wconf 90' lang='lat' dir='ltr'>haec</span> <span class='ocrx_word' id='word_1_165' title='bbox 443 3197 519 3248; x_wconf 89' lang='lat' dir='ltr'>sunt</span> <span class='ocrx_word' id='word_1_166' title='bbox 539 3181 679 3269; x_wconf 89' lang='lat' dir='ltr'>poetae?</span> <span class='ocrx_word' id='word_1_167' title='bbox 700 3180 727 3246; x_wconf 95' lang='lat' dir='ltr'>Ii</span> <span class='ocrx_word' id='word_1_168' title='bbox 753 3196 828 3246; x_wconf 92' lang='lat' dir='ltr'>sunt</span> <span class='ocrx_word' id='word_1_169' title='bbox 855 3177 1003 3246; x_wconf 85' lang='lat' dir='ltr'>videlicet</span> <span class='ocrx_word' id='word_1_170' title='bbox 1022 3178 1138 3248; x_wconf 89' lang='lat' dir='ltr'>sinceri</span> <span class='ocrx_word' id='word_1_171' title='bbox 1160 3179 1261 3247; x_wconf 91' lang='lat' dir='ltr'>animi</span> 
     </span>
     <span class='ocr_line' id='line_1_24' title="bbox 145 3291 1262 3384; baseline -0.001 -20"><span class='ocrx_word' id='word_1_172' title='bbox 145 3319 271 3377; x_wconf 91' lang='lat' dir='ltr'>sensus,</span> <span class='ocrx_word' id='word_1_173' title='bbox 294 3318 362 3364; x_wconf 91' lang='lat' dir='ltr'>non</span> <span class='ocrx_word' id='word_1_174' title='bbox 384 3293 571 3362; x_wconf 86' lang='lat' dir='ltr'>artificiosi?</span> <span class='ocrx_word' id='word_1_175' title='bbox 595 3293 690 3362; x_wconf 87' lang='lat' dir='ltr'>Haud</span> <span class='ocrx_word' id='word_1_176' title='bbox 713 3295 757 3361; x_wconf 91' lang='lat' dir='ltr'>ita</span> <span class='ocrx_word' id='word_1_177' title='bbox 780 3291 943 3384; x_wconf 89' lang='lat' dir='ltr'>equidem.</span> <span class='ocrx_word' id='word_1_178' title='bbox 965 3293 1035 3362; x_wconf 90' lang='lat' dir='ltr'>Nec</span> <span class='ocrx_word' id='word_1_179' title='bbox 1054 3293 1144 3362; x_wconf 90' lang='lat' dir='ltr'>solus</span> <span class='ocrx_word' id='word_1_180' title='bbox 1169 3313 1262 3382; x_wconf 90' lang='lat' dir='ltr'>poeta</span> 
     </span>
     <span class='ocr_line' id='line_1_25' title="bbox 145 3407 1261 3499; baseline -0.003 -20"><span class='ocrx_word' id='word_1_181' title='bbox 145 3429 267 3494; x_wconf 87' lang='lat' dir='ltr'>noster,</span> <span class='ocrx_word' id='word_1_182' title='bbox 286 3433 345 3478; x_wconf 89' lang='lat' dir='ltr'>nec</span> <span class='ocrx_word' id='word_1_183' title='bbox 360 3410 483 3499; x_wconf 90' lang='lat' dir='ltr'>primus</span> <span class='ocrx_word' id='word_1_184' title='bbox 500 3411 584 3478; x_wconf 88' lang='lat' dir='ltr'>inter</span> <span class='ocrx_word' id='word_1_185' title='bbox 602 3408 701 3478; x_wconf 91' lang='lat' dir='ltr'>medii</span> <span class='ocrx_word' id='word_1_186' title='bbox 721 3411 788 3477; x_wconf 90' lang='lat' dir='ltr'>aevi</span> <span class='ocrx_word' id='word_1_187' title='bbox 806 3407 925 3496; x_wconf 91' lang='lat' dir='ltr'>lyricos</span> <span class='ocrx_word' id='word_1_188' title='bbox 947 3407 1009 3474; x_wconf 92' lang='lat' dir='ltr'>hoc</span> <span class='ocrx_word' id='word_1_189' title='bbox 1032 3426 1261 3496; x_wconf 87' lang='lat' dir='ltr'>argumentum</span> 
     </span>
     <span class='ocr_line' id='line_1_26' title="bbox 146 3524 1103 3614; baseline -0.003 -21"><span class='ocrx_word' id='word_1_190' title='bbox 146 3544 344 3608; x_wconf 87' lang='lat' dir='ltr'>tractaverat,</span> <span class='ocrx_word' id='word_1_191' title='bbox 366 3527 431 3613; x_wconf 83' lang='lat' dir='ltr'>jam</span> <span class='ocrx_word' id='word_1_192' title='bbox 450 3549 468 3593; x_wconf 92' lang='lat' dir='ltr'>a</span> <span class='ocrx_word' id='word_1_193' title='bbox 486 3524 736 3594; x_wconf 79' lang='lat' dir='ltr'>provincialibus</span> <span class='ocrx_word' id='word_1_194' title='bbox 754 3525 881 3614; x_wconf 88' lang='lat' dir='ltr'>saepius</span> <span class='ocrx_word' id='word_1_195' title='bbox 900 3524 1074 3613; x_wconf 87' lang='lat' dir='ltr'>repetitum</span> <span class='ocrx_word' id='word_1_196' title='bbox 1096 3548 1103 3591; x_wconf 91' lang='lat'>:</span> 
     </span>
    </p>
   </div>
   <div class='ocr_carea' id='block_1_6' title="bbox 389 3662 972 4101">
    <p class='ocr_par' dir='ltr' id='par_1_9' title="bbox 389 3662 972 3871">
     <span class='ocr_line' id='line_1_27' title="bbox 389 3662 972 3755; baseline -0.005 -21"><span class='ocrx_word' id='word_1_197' title='bbox 389 3668 467 3734; x_wconf 91' lang='lat' dir='ltr'>Non</span> <span class='ocrx_word' id='word_1_198' title='bbox 482 3666 579 3735; x_wconf 91' lang='lat' dir='ltr'>chant</span> <span class='ocrx_word' id='word_1_199' title='bbox 597 3688 652 3755; x_wconf 92' lang='lat' dir='ltr'>per</span> <span class='ocrx_word' id='word_1_200' title='bbox 671 3665 758 3734; x_wconf 88' lang='lat' dir='ltr'>auzel</span> <span class='ocrx_word' id='word_1_201' title='bbox 777 3665 810 3732; x_wconf 92' lang='lat' dir='ltr'>ni</span> <span class='ocrx_word' id='word_1_202' title='bbox 829 3687 885 3754; x_wconf 90' lang='lat' dir='ltr'>per</span> <span class='ocrx_word' id='word_1_203' title='bbox 899 3662 972 3746; x_wconf 88' lang='lat' dir='ltr'>flor,</span> 
     </span>
     <span class='ocr_line' id='line_1_28' title="bbox 389 3778 853 3871; baseline -0.006 -20"><span class='ocrx_word' id='word_1_204' title='bbox 389 3782 435 3851; x_wconf 94' lang='lat' dir='ltr'>Ni</span> <span class='ocrx_word' id='word_1_205' title='bbox 451 3803 507 3871; x_wconf 90' lang='lat' dir='ltr'>per</span> <span class='ocrx_word' id='word_1_206' title='bbox 521 3805 598 3863; x_wconf 91' lang='lat' dir='ltr'>neu,</span> <span class='ocrx_word' id='word_1_207' title='bbox 615 3780 650 3849; x_wconf 89' lang='lat' dir='ltr'>ni</span> <span class='ocrx_word' id='word_1_208' title='bbox 661 3802 718 3870; x_wconf 90' lang='lat' dir='ltr'>per</span> <span class='ocrx_word' id='word_1_209' title='bbox 728 3778 853 3869; x_wconf 87' lang='lat' dir='ltr'>gelada‚</span> 
     </span>
    </p>

    <p class='ocr_par' dir='ltr' id='par_1_10' title="bbox 389 3893 947 4101">
     <span class='ocr_line' id='line_1_29' title="bbox 389 3893 947 3986; baseline -0.007 -21"><span class='ocrx_word' id='word_1_210' title='bbox 389 3896 434 3965; x_wconf 94' lang='lat' dir='ltr'>Ni</span> <span class='ocrx_word' id='word_1_211' title='bbox 453 3898 522 3965; x_wconf 93' lang='lat' dir='ltr'>neis</span> <span class='ocrx_word' id='word_1_212' title='bbox 540 3919 597 3986; x_wconf 90' lang='lat' dir='ltr'>per</span> <span class='ocrx_word' id='word_1_213' title='bbox 613 3894 712 3963; x_wconf 86' lang='lat' dir='ltr'>freich</span> <span class='ocrx_word' id='word_1_214' title='bbox 732 3895 766 3963; x_wconf 89' lang='lat' dir='ltr'>ni</span> <span class='ocrx_word' id='word_1_215' title='bbox 786 3918 842 3984; x_wconf 89' lang='lat' dir='ltr'>per</span> <span class='ocrx_word' id='word_1_216' title='bbox 861 3893 947 3963; x_wconf 86' lang='lat' dir='ltr'>calor</span> 
     </span>
     <span class='ocr_line' id='line_1_30' title="bbox 391 4008 839 4101; baseline -0.013 -19"><span class='ocrx_word' id='word_1_217' title='bbox 391 4012 435 4082; x_wconf 92' lang='lat' dir='ltr'>Ni</span> <span class='ocrx_word' id='word_1_218' title='bbox 455 4035 511 4101; x_wconf 87' lang='lat' dir='ltr'>per</span> <span class='ocrx_word' id='word_1_219' title='bbox 524 4010 664 4079; x_wconf 90' lang='lat' dir='ltr'>reverdir</span> <span class='ocrx_word' id='word_1_220' title='bbox 677 4008 717 4079; x_wconf 95' lang='lat' dir='ltr'>de</span> <span class='ocrx_word' id='word_1_221' title='bbox 731 4008 839 4100; x_wconf 88' lang='lat' dir='ltr'>prada,</span> 
     </span>
    </p>
   </div>
   <div class='ocr_carea' id='block_1_7' title="bbox 0 0 1417 4980">
    <p class='ocr_par' dir='ltr' id='par_1_11' title="bbox 0 0 1417 4980">
     <span class='ocr_line' id='line_1_31' title="bbox 0 0 1417 4980; baseline 0 0"><span class='ocrx_word' id='word_1_222' title='bbox 0 0 1417 4980; x_wconf 95' lang='lat' dir='ltr'> </span> 
     </span>
    </p>
   </div>
  </div>
 </body>
</html>
