2782 4980
681 396 855 460 -50-

261 532 333 598 lmo
347 534 456 613 etiam,
470 556 543 600 cum
560 555 705 601 amorem
717 532 869 602 dominae
882 532 1040 602 declarare
1052 536 1085 601 in
1097 534 1211 601 animo
1227 532 1321 615 habet,

218 648 452 730 contremiscit,
478 671 514 715 ea
536 668 711 738 praesente,
738 672 802 717 vox
823 648 944 732 haeret,
969 671 1115 739 quaeque
1142 649 1215 737 ipse
1236 671 1327 739 nuper

217 763 448 849 excogitaverat
466 761 562 831 verba
579 763 670 853 loqui
689 783 859 832 conantem
879 763 983 832 subito
1003 762 1177 847 deficiunt3
1194 763 1329 831 similem

218 874 301 944 dicas
325 875 451 945 homini
472 876 657 947 latrunculis
676 878 809 962 ludenti,
829 881 884 968 qni
903 876 1048 967 quidem,
1067 898 1103 946 ut
1121 879 1225 969 ipsius
1243 877 1332 947 verba

218 1014 370 1080 usurpem
394 990 469 1081 (II),
493 1016 569 1061 cum
588 994 657 1082 ipse
676 1016 743 1060 non
765 992 859 1077 ludit,
882 993 1065 1062 ludentibus
1078 994 1203 1083 optime
1224 994 1332 1062 consi·

218 1106 286 1174 liari
304 1106 396 1190 solet,
413 1131 488 1175 cum
507 1128 614 1176 autem
630 1108 689 1177 hos
707 1132 766 1198 pro
784 1109 868 1177 virili
888 1128 975 1199 parte
995 1110 1029 1176 in
1047 1108 1150 1177 aleam
1170 1125 1334 1199 provocat,

217 1224 251 1289 in
260 1242 416 1290 extremas
429 1225 590 1312 angustias
602 1222 769 1313 redigitur.
785 1223 929 1292 Alteram
941 1224 1048 1313 accipe
1063 1222 1334 1292 similitudinem:

420 1365 524 1432 Encor
537 1362 626 1435 devis
640 1384 773 1433 coment
789 1368 818 1454 je
832 1364 853 1431 li
867 1363 948 1433 dirai

416 1481 459 1547 Le
476 1498 568 1569 grant
583 1477 700 1548 dolour
711 1480 751 1547 ke
767 1480 830 1568 j’en
848 1481 906 1548 trai
924 1502 996 1547 sans
1015 1481 1104 1562 anui,

418 1595 466 1663 Ke
484 1613 550 1664 tant
569 1588 672 1662 l’aonr
690 1614 722 1662 et
741 1593 839 1677 desir,
855 1613 930 1663 cant
948 1594 980 1683 j’i
995 1595 1056 1677 sui,

419 1711 466 1776 Ke
480 1733 521 1777 ne
535 1709 558 1776 li
575 1733 611 1777 os
630 1707 792 1778 descovrir
806 1733 859 1777 me
876 1712 983 1778 raison
996 1735 1005 1792 ;
1073 1757 1076 1762 ·

422 1825 454 1891 si
468 1826 533 1893 vair
546 1824 585 1894 de
604 1826 673 1894 moi
692 1847 767 1893 com
782 1824 837 1892 fair
851 1823 915 1894 dou
930 1826 1080 1915 campion

420 1940 462 2008 Ki
479 1939 518 2008 de
535 1940 609 2008 lonc
628 1958 699 2008 tens
716 1958 828 2029 aprent
846 1963 864 2008 a
881 1942 1047 2027 escremir‚

420 2055 459 2120 Et
475 2073 547 2122 cant
568 2052 590 2121 il
608 2055 697 2123 vient
715 2077 759 2123 ou
775 2077 868 2143 camp
887 2077 921 2122 as
937 2077 1016 2122 cous
1036 2051 1120 2136 ferir,

423 2169 456 2236 Si
476 2191 516 2236 ne
533 2187 582 2237 set
595 2171 663 2237 rien
681 2167 790 2237 d'escu
809 2192 850 2237 ne
869 2168 908 2238 de
925 2168 1051 2256 baston.

266 2311 385 2377 Versus
400 2311 517 2377 inertes
530 2328 561 2377 et
575 2307 813 2378 adolescentulo
827 2306 954 2398 dignos,
969 2310 1023 2398 qui
1036 2305 1218 2376 verecunde
1232 2328 1344 2374 coram

223 2421 355 2491 domina
376 2442 469 2505 tacet,
491 2425 517 2490 si
538 2424 720 2515 perlegeris,
742 2448 852 2493 nonne
870 2423 985 2493 ferocia
1006 2421 1060 2491 illa
1081 2422 1230 2492 Cononis
1249 2438 1347 2511 petu-

223 2540 384 2630 lantiaque
406 2558 574 2609 recurrunt
594 2539 699 2624 verba,
722 2564 804 2630 quae
828 2541 863 2608 in
887 2538 958 2608 aula
979 2536 1345 2625 constantinopolitana,

224 2657 272 2723 sni
289 2656 398 2745 capitis
417 2654 571 2744 periculo,
589 2655 733 2725 alacriter
750 2674 782 2724 et
797 2653 934 2745 superbe
948 2651 1150 2743 proferebat?

751 2903 806 2970 ΙΠ.

269 3121 359 3201 Quid
383 3123 476 3192 tum?
499 3123 588 3191 Num
613 3124 783 3192 Cononem
810 3140 923 3211 poetae
945 3119 1075 3189 cuilibet
1096 3120 1193 3208 hujus
1220 3122 1346 3202 aetatis,

224 3239 274 3308 vel
290 3237 427 3307 Nicolao
443 3239 574 3306 Museto
595 3236 647 3305 vel
665 3236 786 3322 Jacobo
800 3235 1022 3317 Ambianensi,
1036 3234 1348 3324 ‘aequiparabimus?

225 3356 308 3435 Im0,
328 3353 492 3442 ¹poeticum
511 3354 579 3440 ejus
596 3353 763 3441 ingenium
780 3350 873 3419 rebus
887 3349 1034 3420 ferociter
1048 3351 1145 3440 gestis
1160 3347 1345 3437 respondet.

268 3470 408 3557 Nempe,
440 3486 475 3537 ut
505 3469 798 3557 praetermittamus
823 3490 951 3535 carmen
977 3464 1057 3534 illud
1089 3465 1242 3547 facetum,
1276 3467 1348 3533 sine

228 3581 394 3651 acerbitate
418 3582 552 3666 salsum,
588 3604 654 3671 quo
683 3583 880 3650 comitissam
911 3581 1109 3670 Campaniae
1137 3598 1169 3646 et
1201 3581 1346 3669 reginam

228 3695 392 3764 Ludovico
413 3698 474 3765 VH
491 3697 602 3765 orbam
619 3696 755 3778 lacessit,
777 3697 852 3786 quia
871 3694 1068 3784 oppidanum
1088 3711 1202 3785 poetae
1221 3686 1349 3787 dicendi

228 3835 327 3901 genus
340 3812 503 3879 irriserant
518 3809 607 3901 (111),
625 3831 746 3880 certum
762 3828 810 3878 est
823 3810 983 3898 imprimis
1000 3810 1165 3877 cantiones
1179 3809 1254 3876 istas
1269 3829 1349 3896 quas

229 3926 269 3994 de
281 3924 364 3995 bello
378 3948 466 3995 sacro
482 3925 637 4008 condidit,
658 3951 674 3989 «
688 3925 846 3994 diviniore
862 3943 970 3992 mente
984 3949 1000 3987 >i
1016 3923 1125 4014 plenas
1138 3946 1223 4006 esse;
1236 3923 1271 3989 in
1283 3920 1348 3990 illis

230 4043 316 4113 enirn
335 4044 431 4133 spirat
451 4038 555 4114 adhuc
574 4040 672 4112 virilis
688 4039 741 4112 ille
755 4041 894 4123 animus,
911 4064 976 4129 quo
993 4041 1163 4109 instinctus
1178 4056 1349 4106 strennum

80 4422 239 4664 Ν
