2782 4980
408 780 584 865 CAPUT
612 780 902 863 SECUNDUM

95 1070 176 1126 QUID
194 1069 236 1116 DE
254 1067 385 1118 NICOLAI
399 1067 518 1118 MUSETI
535 1065 694 1127 TEMPORE,
717 1064 833 1116 PATRIA
846 1066 888 1115 ET
902 1065 978 1115 VITA
992 1066 1080 1114 SCIRE
1095 1065 1209 1114 ncnn'r

647 1458 663 1523 I

218 1696 306 1788 Quae
324 1701 358 1768 de
376 1701 507 1769 Nicolao
524 1701 642 1768 Mutato
658 1700 783 1788 subulae
800 1701 944 1788 vulgatae
957 1700 1084 1787 fuerint.

140 1922 185 1989 Ut
196 1920 235 1990 de
246 1921 364 1990 Carolo
377 1923 498 2011 Magno
510 1921 560 1989 vel
572 1919 731 2004 Roland0,
746 1922 791 1990 sic
805 1920 844 1989 de
856 1921 991 1990 Nicolao
1004 1920 1110 2010 plures
1121 1919 1209 1990 fabu-

96 2035 143 2104 las
158 2034 288 2104 tradidit
302 2035 435 2104 historia
454 2035 603 2104 mendax.

142 2150 260 2218 Paulus
282 2152 317 2217 de
337 2151 464 2234 Musset,
486 2174 561 2218 cum
584 2149 789 2218 illustrissimi
807 2149 910 2218 fratris
931 2151 1032 2219 vitam
1051 2150 1211 2235 scriberet,

97 2289 134 2332 ex
159 2265 349 2355 antiquitate
372 2266 585 2333 remotissima
607 2266 712 2354 stirpis
735 2288 812 2334 suae
836 2263 1005 2335 exordium
1030 2265 1121 2333 duxit
1128 2251 1211 2348 ;·'at,

96 2380 181 2448 inter
203 2398 253 2449 tot
274 2398 443 2470 tantosque
461 2382 549 2449 viros
570 2381 625 2470 qui
647 2402 768 2448 nomen
788 2404 899 2463 suum,
923 2382 949 2447 si
970 2381 999 2448 ei
1026 2378 1210 2462 credideris,

96 2494 320 2577 nobilitavere,
343 2517 483 2584 quorum
501 2513 609 2564 tamen
630 2493 757 2564 nullum
772 2493 919 2584 (fortasse
933 2519 1001 2564 non
1016 2497 1083 2563 sine
1101 2498 1212 2585 causa)

96 2611 305 2700 nuncupavit,
330 2608 468 2699 longum
494 2626 632 2677 stemma
657 2628 799 2698 repetere
820 2608 1024 2698 dedignatus,
1049 2633 1152 2677 unum
1175 2634 1214 2678 ex

96 2726 195 2794 atavis
210 2723 438 2794 tantummodo
453 2726 717 2793 commemoravit
732 2749 739 2792 :
755 2724 875 2795 scilicet
893 2723 1070 2815 quemdam
1087 2750 1102 2788 u
1123 2726 1214 2794 Calin

94 2840 128 2908 da
148 2841 266 2908 Musser
281 2863 313 2922 n,
335 2857 547 2928 praestantem
561 2840 721 2908 musicum
735 2858 946 2929 poetamque,
963 2839 1019 2931 qui
1031 2836 1213 2907 Theobaldi

96 2955 290 3042 Campaniae
304 2954 441 3036 comitis,
458 2953 727 3038 sibiamicissimi,
739 2953 935 3023 carminibus
947 2955 1063 3023 modos
1071 2954 1208 3045 aptabat,

94 3086 126 3137 et
145 3085 232 3136 tanta
250 3067 430 3138 celebritate
450 3071 587 3138 eminuit
607 3087 643 3138 ut
662 3071 689 3138 ei
708 3072 843 3159 ejusque
858 3072 963 3153 uxori,
983 3089 1094 3161 utpote
1111 3070 1213 3139 excel·

93 3182 171 3250 lenti
191 3186 344 3272 poetriae,
369 3200 488 3252 statuas
507 3184 654 3274 aequales
674 3183 882 3268 decreverint,
908 3185 1052 3255 Lutetiae
1076 3186 1212 3252 Parisio-

95 3320 169 3365 rum
183 3316 256 3366 ante
271 3300 383 3388 januas
399 3300 507 3368 Sancti
518 3299 638 3385 Juliani
653 3297 782 3367 aedium
797 3299 967 3367 collocatas
978 3313 1000 3368 ¹.

133 3536 156 3574 1.
178 3520 286 3573 OEuvres
299 3520 435 3591 posthumus
448 3519 566 3590 d’Alsred
579 3519 607 3572 de
620 3520 724 3587 Musset,
741 3520 823 3586 Paris,
839 3519 1023 3590 Charpentier,
1045 3520 1120 3588 1881,
1136 3539 1161 3592 p.
1184 3540 1206 3579 1.

131 3623 145 3653 u
164 3603 238 3657 Tous
253 3603 291 3658 les
307 3603 456 3657 nobiliaires
472 3603 505 3657 de
522 3604 621 3658 France
637 3603 696 3658 sont
710 3604 831 3657 mention
846 3603 880 3656 de
893 3603 918 3658 la
934 3602 1032 3658 famille
1049 3604 1081 3659 de
1095 3607 1206 3673 Musset,

91 3703 122 3741 ce
133 3686 178 3758 qui
191 3704 234 3740 me
246 3687 367 3758 dispense
381 3687 415 3742 de
425 3687 577 3759 reproduire
590 3688 623 3742 ici
635 3687 660 3742 la
671 3687 829 3759 genealogie
841 3687 876 3742 du
889 3690 966 3759 poete
978 3688 1023 3758 qui
1037 3706 1052 3741 a
1064 3686 1166 3744 illustre
1179 3707 1208 3744 ce

92 3787 168 3824 nom.
189 3770 345 3843 Cependant
361 3773 386 3843 ie
405 3787 543 3843 remarque
560 3788 606 3825 sur
623 3771 651 3825 la
666 3771 724 3825 liste
743 3770 776 3824 de
794 3787 836 3825 ses
856 3773 973 3825 aneetres
991 3788 1028 3824 un
1046 3789 1208 3844 personnage

91 3869 164 3908 assez
175 3855 283 3908 curieux
296 3873 303 3908 :
317 3855 380 3909 c‘est
394 3872 431 3909 un
447 3855 545 3909 certain
558 3853 637 3910 Colin
651 3854 684 3909 de
697 3855 809 3921 Musset,
825 3856 871 3926 qui
884 3855 947 3908 erait
959 3858 1048 3926 poete,
1066 3855 1206 3922 musicien,

90 3938 188 4009 joueur
199 3937 232 3992 de
242 3938 312 3993 viole
326 3941 377 3993 tres
388 3937 476 3994 habile
488 3950 514 3993 et
526 3940 579 3993 arni
589 3939 625 3993 du
638 3938 739 3994 celebre
751 3938 878 4002 Thibaut‚
893 3951 980 3993 comte
991 3938 1023 3994 de
1034 3939 1209 4011 Champagne

90 4033 118 4081 et
129 4022 169 4081 roi
183 4021 216 4082 de
230 4023 353 4083 Navarre.
368 4022 448 4084 Colin
461 4022 494 4082 de
508 4024 608 4085 Musset
621 4024 769 4102 composait
782 4023 852 4085 dela
868 4023 990 4104 musique
1002 4039 1047 4078 sur
1058 4022 1094 4078 les
1107 4024 1208 4103 poesies
