2782 4980
565 387 741 455 „32-

93 529 147 579 aut
173 512 273 578 corriti
298 510 482 599 saepissime
502 509 743 597 aequiparatus¹
766 531 774 573 :
797 507 849 574 cui
868 507 895 573 si
915 528 1049 595 operam
1072 505 1208 575 fideliter

93 644 124 694 et
137 643 319 693 constanter
332 625 466 707 navasti,
483 624 697 713 patrocinium
713 641 805 691 tuum
821 620 1031 709 profitebitur.
1049 621 1103 689 Sic
1118 624 1209 690 Mau-

94 740 185 808 ritius
204 737 420 808 Credonensis
437 742 531 826 jactat
549 762 583 805 se
602 739 744 819 Amoris,
767 735 804 804 ab
824 737 933 825 stirpe,
954 759 1084 805 servum
1103 762 1111 804 ε
1136 761 1210 805 cum

94 852 157 920 hoc
175 854 225 920 sui
248 853 412 943 sanguinis
435 853 603 941 proprium
621 853 662 918 sit
682 870 712 918 et
732 848 869 917 familiae
889 872 964 917 suae
985 850 1211 940 ingeneratum

96 985 131 1035 ut
147 968 283 1056 majores
301 967 416 1035 Amori
437 965 535 1055 probe
553 965 697 1033 famulati
716 966 790 1047 sint,
814 987 944 1031 necesse
964 984 1011 1032 est
1030 984 1065 1033 ut
1086 966 1156 1056 ipse
1176 964 1212 1033 ab

95 1083 216 1149 Amore
234 1081 268 1147 in
284 1079 382 1147 fidem
407 1079 651 1169 clientelamque
674 1080 897 1166 suscipiatur2.
923 1079 1031 1146 Tanto
1053 1079 1214 1168 praesidio

96 1195 180 1279 freti,
211 1196 368 1284 patienter
396 1212 577 1283 exspectant
605 1213 781 1261 amantes:
810 1217 885 1260 nam
906 1193 985 1262 hora
1005 1217 1068 1261 una
1090 1194 1216 1263 labores

96 1329 321 1380 remuneratur
331 1308 380 1377 vel
396 1308 599 1398 longissimos
610 1319 633 1376 ³.

142 1425 230 1492 Haec
249 1423 404 1492 nonnulla
425 1425 579 1513 principia
597 1425 623 1490 si
643 1425 714 1513 quis
734 1425 845 1491 animo
863 1422 1003 1491 hauserit
1022 1442 1055 1491 et
1073 1426 1165 1515 quasi
1182 1427 1216 1492 in

100 1538 255 1607 medullas
274 1537 448 1619 demiserit,
470 1540 576 1606 statim
598 1540 770 1607 clarescent
792 1559 839 1607 tot
857 1541 973 1608 veteris
994 1563 1130 1629 poeseos
1150 1542 1216 1625 pla-

100 1654 173 1721 cita.
188 1657 286 1737 Nam,
301 1673 338 1721 ut
350 1652 533 1743 exemplum
543 1655 670 1722 afferam
681 1678 795 1738 unum,
812 1654 899 1723 hisce
909 1653 1025 1722 Adami
1039 1657 1073 1722 de
1087 1656 1218 1725 laHalc

100 1767 255 1849 versibus,
282 1771 423 1858 primum
452 1768 603 1837 involutis
630 1789 661 1838 et
690 1768 846 1853 obscuris,
875 1769 1066 1858 completam
1098 1773 1218 1839 amoris

101 1882 326 1952 definitionem
344 1906 495 1972 agnosces
516 1908 524 1950 :

191 2025 248 2094 On
267 2022 425 2092 demande
445 2042 536 2093 mout
554 2043 690 2094 souvent
712 2049 718 2092 :
743 2051 760 2088 α
781 2026 898 2105 Qu’est
916 2028 1081 2094 Amours?
1103 2052 1119 2090 n

194 2177 234 2188 -
251 2141 393 2207 Amours
408 2159 455 2207 est
468 2141 594 2208 volenteis
607 2140 726 2209 durans
741 2155 805 2208 tous
813 2144 900 2230 jours

192 2255 240 2322 En
256 2276 331 2322 cuer
346 2252 489 2323 d’amant
503 2254 649 2322 d'amour
664 2255 703 2323 de
722 2253 815 2324 dame
830 2259 941 2345 espris,

194 2370 285 2437 Dont
296 2370 451 2438 dasirrt'ers
465 2387 512 2437 est
529 2369 551 2438 li
568 2367 696 2438 douche
711 2393 853 2455 savours,

147 2632 171 2671 1.
192 2615 311 2682 Musetus,
326 2615 386 2680 VII,
403 2646 438 2656 -
449 2616 538 2683 Arci„
554 2616 680 2683 XXXIII,
694 2647 728 2657 —
738 2617 900 2672 Wilhelmus
912 2619 987 2684 Veau,
1005 2619 1104 2686 Wack,
1115 2637 1145 2692 31
1155 2641 1162 2691 ;
1173 2632 1224 2675 etc.

145 2728 171 2766 2.
322 2713 387 2767 Fine
399 2714 519 2767 Amours
531 2713 625 2768 claime
640 2732 674 2769 en
688 2718 754 2782 moi,
770 2733 816 2787 par
827 2717 935 2788 iretage,

323 2798 400 2852 Droit
415 2810 441 2851 et
455 2798 542 2851 raison
558 2817 563 2852 :
580 2815 623 2852 car
637 2798 697 2853 bIen
710 2813 736 2854 et
747 2799 892 2854 loiaument

323 2881 401 2934 L‘ont
415 2881 497 2934 servie
508 2881 541 2935 de
553 2882 643 2937 Creon
652 2883 693 2937 lor
707 2901 772 2956 eage

322 2964 353 3018 Li
366 2964 421 3018 bon
435 2966 569 3037 selgneur,
586 2968 632 3038 qui
643 2968 758 3022 rindrent
771 2967 918 3023 loiaument

323 3049 380 3102 Pris
394 3062 419 3103 et
434 3048 528 3104 valour
540 3063 566 3104 et
582 3063 642 3105 tout
656 3052 890 3124 enseignement...

324 3132 356 3186 Et
369 3131 411 3186 del
425 3132 528 3205 sorplus
540 3151 584 3188 me
596 3148 651 3189 met
665 3152 699 3189 en
712 3152 740 3189 sa
753 3137 857 3190 menaie

324 3217 365 3271 De
378 3234 450 3284 cuer,
462 3217 564 3273 decors
578 3231 604 3273 et
616 3218 738 3273 d'amour
750 3232 776 3274 et
791 3220 823 3274 de
835 3221 885 3287 vie,

326 3300 422 3356 Coma
435 3318 479 3355 ma
493 3301 577 3357 douce
588 3316 613 3357 et
623 3302 708 3357 droite
723 3305 866 3375 signourie.

804 3389 947 3456 (Mitzner,
964 3390 1021 3460 14.)

328 3455 393 3510 Bien
407 3456 444 3509 sai
458 3456 558 3510 devoir
572 3473 624 3528 que
635 3457 713 3511 faillir
727 3474 742 3511 a
756 3473 784 3512 sa
797 3472 861 3530 gent

323 3537 366 3594 Ne
380 3551 443 3610 puer
454 3539 583 3607 Amours,
600 3542 638 3595 s’a
653 3541 772 3596 droiture
784 3560 818 3597 ne
830 3556 915 3598 ment.

908 3627 960 3698 (W
957 3627 1024 3695 “Cha
1041 3644 1058 3699 P
1085 3629 1145 3699 ²5·)

152 3722 177 3778 3.
430 3707 482 3761 Car
496 3707 515 3761 li
530 3708 604 3762 biens
618 3708 698 3763 d’une
712 3709 785 3764 seule
798 3710 864 3764 hore

429 3790 478 3844 Les
488 3789 556 3845 mals
566 3791 631 3845 d’un
640 3809 675 3845 an
687 3809 804 3864 rasoage.

152 3874 270 3946 (Leroux
283 3872 315 3926 de
328 3873 422 3946 Lincy,
440 3874 535 3929 Chants
557 3874 710 3946 historiques,
728 3877 750 3943 I,
766 3877 877 3932 XLVIII
887 3898 894 3945 ;
917 3878 950 3932 cf.
978 3878 1066 3950 plures
1084 3880 1239 3937 simillimos

115 3957 188 4013 locos
201 3957 270 4030 apud
284 3959 410 4030 Matrner,
423 3976 450 4030 p.
467 3957 541 4028 116.)
