2782 4980
625 381 709 444 ..7
733 396 774 406 -

183 498 323 579 Etenim,
342 497 406 567 hoc
422 498 530 566 animo
550 496 677 567 attende
694 523 702 566 ε
719 497 831 568 itidem
847 499 944 569 medii
959 501 1028 570 aevi
1042 499 1149 590 lyricis
1168 502 1250 570 acci-

138 610 186 680 dit
212 632 243 709 et
268 614 383 702 quovis
412 631 569 703 tempore,
592 615 626 682 in
650 616 760 703 quavis
782 616 925 703 regione,
956 616 1056 683 cuivis
1075 614 1250 705 lyricorum

137 727 291 797 scholae:
313 751 389 796 nam
412 750 469 797 sua
495 730 609 817 cuique
632 726 804 798 hominum
819 732 912 798 aetati
937 729 1103 820 peculiaris
1124 730 1243 821 lingua,

139 867 202 934 qua
221 845 322 912 animi
333 844 462 912 affectus
480 846 678 934 expresserit.
695 843 794 915 Nulla
808 863 916 914 autem
930 845 1040 935 lingua
1055 863 1120 912 tam
1136 845 1244 936 rapide

137 958 279 1028 hebescit
292 978 324 1027 et
343 977 502 1028 vetustate
521 957 699 1028 collabitur.
722 959 800 1039 Quo
816 958 916 1028 modo
936 983 1081 1028 amorem
1101 979 1133 1028 et
1144 962 1250 1030 varios

138 1075 238 1141 animi
259 1096 372 1141 sensus
393 1074 593 1162 perceperint
612 1092 644 1142 et
662 1075 874 1163 expresserint
892 1075 1041 1163 majores,
1067 1098 1134 1145 non
1158 1074 1252 1165 plane

137 1186 319 1277 intelligunt
328 1189 459 1277 posteri,
476 1189 502 1256 si
518 1187 619 1256 modo
632 1187 671 1257 ad
685 1190 814 1257 tertiam
833 1208 887 1258 aut
901 1207 1046 1279 quartam
1066 1193 1251 1280 progeniem

137 1301 347 1371 descenderis.
368 1304 529 1373 Citissime
552 1303 616 1387 illa,
641 1303 815 1392 majoribus
838 1305 964 1388 usitata,
985 1304 1112 1374 amandi
1137 1304 1243 1376 dicen·

137 1416 233 1506 dique
245 1419 325 1487 ratio
337 1420 482 1502 senescit,
496 1418 632 1501 obsolet,
643 1421 842 1489 exanimatur
850 1444 859 1503 ;
875 1442 963 1503 nam,
975 1437 1012 1488 ut
1024 1420 1172 1509 exemplo
1182 1438 1251 1490 uta·

138 1555 224 1616 mur,
240 1535 311 1622 quis
329 1551 477 1602 nostrum
491 1533 580 1602 fictas
602 1532 749 1603 historias
771 1534 885 1625 quibus
900 1551 1003 1624 patres
1018 1536 1120 1602 nostri
1139 1537 1247 1604 aetatis

137 1671 212 1716 suae
227 1646 391 1738 cupidines
410 1671 580 1739 moresque
599 1647 793 1739 descripsere
811 1647 908 1717 hodie
927 1649 1032 1738 legere
1047 1668 1163 1738 potest,
1184 1651 1247 1717 nisi

138 1764 271 1832 scientia
290 1761 371 1831 bene
386 1765 531 1832 munitus
548 1783 590 1846 et,
608 1783 643 1833 ut
656 1766 699 1832 ita
713 1763 832 1848 dicam,
854 1763 1080 1834 historicorum
1095 1784 1245 1853 apparatu

136 1877 333 1945 instructus?
357 1879 426 1946 Nec
459 1879 569 1967 priscis
601 1878 733 1947 Tabulae
762 1897 797 1948 ut
831 1879 921 1946 aiunt
951 1878 1103 1949 Rotundue
1129 1877 1244 1947 fabulis

136 1990 256 2076 allud0‚
278 2015 337 2060 nec
368 1994 495 2082 septimi
519 1993 634 2060 decimi
653 1994 769 2062 saeculi
796 1991 885 2060 libris
905 1992 1020 2082 quibus
1042 1995 1170 2061 Astraea
1192 2012 1245 2062 aut

137 2107 236 2196 Cyrus
250 2129 378 2195 magnus
395 2125 449 2176 aut
468 2108 618 2176 Clivansis
640 2111 743 2196 regina
762 2106 988 2190 inscribuntur,
1009 2131 1114 2197 neque
1134 2110 1244 2191 etiam,

135 2245 321 2311 quanquam
337 2221 578 2305 recentioribus,
594 2222 709 2309 Juliae‚
731 2225 798 2292 sive
814 2241 850 2291 ut
866 2245 938 2289 eam
958 2221 1105 2311 designat
1124 2240 1246 2298 auctor,

135 2338 239 2405 Nouae
257 2337 407 2428 Aloysiue,
428 2335 480 2405 vel
496 2338 663 2422 Corinnam
686 2336 742 2406 sed
760 2338 837 2427 ipsis
851 2337 957 2406 alludo
975 2335 1125 2426 operibus
1144 2336 1250 2405 Ludo-

132 2453 206 2520 vico
219 2450 368 2541 Philippo
383 2470 538 2541 regnante
559 2453 763 2542 compositis,
787 2474 868 2542 quae
890 2454 1020 2520 ruinosa
1043 2470 1075 2519 et
1097 2469 1250 2521 vetustate

133 2568 306 2634 immatura
320 2566 452 2655 dilapsa,
469 2569 535 2655 jam
547 2566 703 2634 hodierna
712 2565 764 2635 die
778 2568 968 2657 interpretes
979 2585 1011 2634 et
1021 2569 1248 2656 grammaticos

136 2681 327 2750 desiderant.
345 2684 499 2750 Attamen
513 2680 563 2749 his
577 2681 664 2749 libris
681 2705 788 2751 mores
803 2683 915 2751 aetatis
931 2705 1006 2749 suae
1025 2700 1246 2772 expresserunt

134 2819 202 2865 non
221 2796 327 2865 alieno
348 2820 497 2865 sermone
519 2799 677 2887 peregrini
692 2796 856 2879 homines,
878 2795 933 2865 sed
951 2815 1061 2865 nostra
1080 2795 1250 2865 vernacula

135 2911 244 3002 lingua
259 2914 397 3001 majores
412 2914 526 2994 nostri,
543 2914 612 2980 imo
638 2914 688 2982 avi
712 2914 826 2997 nostri,
848 2914 916 2980 imo
940 2931 1043 3002 patres
1068 2912 1182 2979 nostri.
1207 2950 1248 2959 —

137 3026 245 3106 Quam
257 3028 351 3095 citius
366 3046 473 3095 autem
482 3025 648 3096 vacillaret
658 3030 778 3097 corruit
789 3027 886 3117 lyrica
899 3026 1023 3116 poesis!
1039 3025 1133 3102 Quae
1144 3025 1248 3114 pridie

136 3160 279 3210 amantes
321 3141 440 3224 dixere,
482 3143 546 3230 jam
589 3166 655 3211 non
689 3141 873 3231 intelligunt
912 3141 1099 3229 posterioris
1138 3142 1249 3207 aetatis

135 3276 293 3339 amantem
314 3254 370 3324 sed
385 3255 444 3324 soli
459 3256 631 3347 philologil
654 3256 731 3324 Inde
750 3256 785 3325 fit
810 3275 845 3323 ut
870 3278 984 3323 omnes
1006 3252 1152 3342 ejusdem
1179 3275 1244 3320 sae-

134 3372 200 3439 culi
215 3370 306 3460 lyrici
322 3372 506 3462 saepissime
514 3369 662 3439 eamdem
677 3370 868 3439 cantilenam
883 3385 1043 3437 recantare
1057 3365 1246 3435 videantur:

135 3508 213 3553 uam
245 3505 369 3555 suetam
399 3485 507 3574 elapso
534 3485 661 3555 saeculo
689 3483 848 3554 sentiendi
885 3480 1076 3569 dicendique
1111 3479 1247 3546 modurn

133 3605 189 3672 vix
202 3604 392 3670 summatim
407 3603 614 3692 percipimus.
634 3603 716 3678 Quis
736 3599 816 3668 adeo
840 3595 965 3666 subtilis
991 3614 1023 3662 et
1044 3614 1248 3663 emmunctae

137 3719 222 3786 naris
234 3737 282 3786 est
299 3737 335 3786 ut
354 3716 518 3786 Catullum
538 3715 716 3800 aTibullo,
736 3713 902 3783 Tibullum
919 3735 936 3778 a
955 3709 1122 3799 Propertio
1141 3710 1248 3796 primo

136 3832 288 3922 adspectu
303 3832 609 3902 discematiNonne
624 3830 781 3898 simillimi
798 3830 939 3917 primum
954 3821 1101 3892 Tibullus
1115 3823 1248 3911 Proper·

134 3948 261 4036 tiusque
292 3945 454 4029 videntur,
487 3947 568 4013 sicut
597 3945 691 4013 Cono
722 3941 945 4011 Bethaniensis
977 3955 1009 4006 et
1032 3933 1248 4004 Theobaldus

136 4060 330 4149 Campaniae
345 4062 474 4130 comes?
489 4062 586 4144 Quis,
608 4060 669 4127 nisi
692 4056 846 4126 Ludoviei
863 4055 946 4123 tertii
968 4051 1086 4120 decimi
1102 4069 1247 4138 tempora
