2782 4980
566 371 738 437 „19-

139 493 239 577 Alter,
251 494 306 584 qui
321 517 406 562 anno
416 494 571 563 MCCVll
586 516 684 563 senex
697 492 789 576 obiit,
803 492 994 562 Gerttudam
1009 491 1110 560 filiam
1120 490 1208 560 ducis

94 607 236 677 Mathaei
261 609 297 676 de
323 612 543 694 Montmorencp
568 632 703 678 uxorem
724 607 855 677 duxerat
874 631 1001 698 :neque
1031 605 1209 676 admodum

94 723 267 792 verisimile
290 722 413 792 videtur
432 723 471 791 ad
495 726 563 814 ejus
582 721 712 793 laudem
730 746 892 791 carmena
912 724 1040 792 Museto
1059 724 1209 811 scriptum

96 837 192 907 fuisse
215 836 304 928 quod
322 837 460 906 feminae
480 856 580 906 aetate
600 836 703 906 adhuc
725 837 853 906 florenti
878 836 1046 906 manifesto
1069 835 1209 904 dicatum

97 972 163 1036 est;
185 951 314 1044 quando
333 954 421 1021 enim
446 952 606 1022 Gerttuda
625 953 706 1020 circa
727 975 849 1020 annum
873 952 1063 1020 MCLXXX
1084 951 1210 1034 floruit,

96 1068 171 1137 huic
192 1070 344 1158 tempori,
369 1086 480 1158 utpote
509 1068 699 1157 antiquiori,
725 1066 851 1135 Nicolai
879 1090 1009 1136 carmen
1037 1065 1212 1135 adscribere

98 1181 244 1249 vetitum.

143 1295 232 1362 Alter
265 1313 385 1379 autem,
417 1296 472 1385 qui
505 1293 544 1362 ab
580 1317 667 1362 anno
699 1295 854 1363 MCCVII
888 1318 989 1384 usque
1020 1293 1065 1390 ad
1092 1317 1214 1364 annum

102 1409 272 1479 MCCXIII
282 1409 519 1499 Lotharingiam
534 1410 650 1492 tenuit,
666 1411 775 1498 Agnes
789 1409 889 1477 filiam
902 1409 1083 1478 Theobaldi
1093 1411 1108 1478 Ι
1117 1411 1216 1478 comi-

104 1527 145 1592 tis
164 1526 325 1594 Barrensis
344 1543 377 1593 et
395 1527 574 1607 Laurettae,
596 1523 680 1592 filiae
703 1525 832 1592 comitis
850 1526 885 1593 de
903 1525 973 1592 Loss
990 1526 1025 1592 in
1048 1527 1217 1594 matrimo-

103 1643 194 1710 nium
211 1640 353 1709 duxetat.
375 1641 435 1706 Fac
450 1662 520 1706 eam
535 1641 618 1707 circa
632 1662 752 1708 annum
768 1639 955 1708 MCLXXV
970 1641 1113 1729 genitam
1133 1666 1140 1707 ι
1158 1642 1218 1708 ersi
1300 1684 1303 1697 ι

104 1779 133 1824 a.
156 1754 310 1824 MCCVII
330 1778 384 1821 sex
407 1771 515 1842 partus
538 1756 602 1842 jam
620 1772 796 1844 pepererat,
821 1753 903 1821 nihil
923 1753 1028 1824 obstat
1049 1757 1127 1845 quin
1148 1779 1218 1823 eam

105 1870 270 1960 praedictis
288 1868 432 1938 versibus
449 1888 543 1957 poeta
560 1887 668 1936 noster
686 1872 927 1958 nuncupaverit.

152 1999 186 2074 3⁰
208 1982 307 2064 Quod
318 1982 357 2051 ad
367 1984 522 2052 comitem
532 1985 565 2050 dc
578 1984 745 2052 Widamont
757 1985 879 2067 attinet,
896 2008 1056 2074 nusquam
1068 1986 1102 2053 in
1116 1986 1220 2052 orien-

106 2099 220 2169 talibus
246 2100 366 2169 Galliae
393 2098 577 2186 regionibus
600 2098 708 2167 locum
732 2101 868 2189 reperias
890 2103 944 2189 qui
967 2101 1108 2168 nominis
1132 2102 1221 2168 istius

106 2213 362 2297 similitudinem,
374 2216 441 2282 imo
453 2214 650 2282 vicinitatem
665 2211 788 2296 reddat,
804 2232 925 2302 praeter
943 2215 1124 2283 Vaudcutont
1140 2240 1147 2282 ε
1163 2239 1223 2283 nec

107 2351 216 2400 tamen
230 2330 353 2398 formae
371 2329 538 2396 Widemont
555 2328 714 2395 rationem
732 2325 846 2396 reddas
875 2352 882 2396 ε
904 2352 979 2396 nam
1003 2353 1223 2419 quaecumque

108 2445 203 2534 hujus
228 2443 374 2512 vocabuli
398 2441 519 2511 formae
542 2442 622 2509 mihi
647 2462 867 2527 occurrerunt,
895 2466 950 2512 eae
976 2443 1125 2513 vocalem
1147 2467 1166 2511 a
1190 2446 1222 2512 in

109 2563 211 2650 prima
223 2558 341 2650 syllaba
356 2559 513 2626 retinuere
526 2556 640 2648 (latine
657 2559 895 2640 Vadcmontium,
915 2559 1036 2626 Vaduni
1045 2572 1170 2627 montem
1180 2559 1221 2649 ¹).

153 2673 385 2756 Nihilominus,
411 2675 437 2740 si
457 2695 491 2740 te
513 2695 588 2740 vera
608 2669 648 2740 de
671 2670 814 2762 quodam
838 2675 956 2741 comite
978 2672 1017 2741 de
1044 2675 1225 2743 Vaudemont

111 2792 225 2880 agitur,
246 2790 335 2879 optio
356 2787 412 2857 tibi
431 2787 523 2856 datur
542 2806 650 2856 utrum
669 2806 765 2876 poeta
783 2787 832 2855 his
851 2788 996 2857 versibus
1016 2788 1056 2856 ad
1073 2788 1226 2879 grandae-

111 2928 190 2974 vum
210 2903 376 2972 hominem
397 2900 543 2969 ditectis²
564 2900 745 2971 Gerardum
765 2903 795 2970 Π
817 2902 1042 2992 significaverit
1062 2906 1116 2993 qui
1140 2927 1226 2973 anno

112 3019 239 3087 MCXC
255 3016 400 3100 decessit,
417 3017 591 3106 longaevus
608 3016 709 3084 homo
727 3015 820 3107 (nam
836 3016 920 3085 filius
934 3020 1001 3104 ejus
1019 3019 1084 3107 jam
1102 3038 1227 3088 matuta

114 3151 214 3202 aetate
228 3130 356 3221 vigebat
375 3154 404 3199 a.
427 3131 676 3199 MCLXXXVII
695 3153 760 3220 quo
779 3128 865 3219 apud
884 3130 1090 3200 Tiberiadem
1107 3156 1228 3222 pugna·

114 3247 189 3337 vit),
211 3271 252 3314 an
272 3243 405 3316 Gerardi
422 3243 539 3329 filium,
563 3246 738 3335 Hugonem
758 3245 787 3313 ll
808 3247 1047 3330 memoraverit,
1068 3249 1124 3336 qui
1143 3271 1228 3316 anno

116 3361 340 3431 MCCXXXV
353 3359 404 3429 vel
422 3359 659 3429 MCCXXXVI
673 3357 763 3428 obiit.

158 3597 181 3636 1.
201 3580 269 3635 Vide
283 3580 317 3635 A.
332 3580 477 3652 Longnon,
490 3587 528 3651 op.
544 3581 587 3634 rit.
605 3596 611 3632 :
631 3592 707 3651 1509,
718 3577 737 3631 li
751 3579 814 3632 sires
828 3578 860 3632 de
871 3579 1057 3636 Wadoimont.
1071 3611 1104 3620 -—
1120 3583 1150 3636 18
1154 3597 1196 3650 51,
1213 3583 1232 3636 li

117 3681 200 3720 cuens
220 3664 274 3718 dou
293 3662 490 3718 Vaudesmons.
507 3690 543 3703 -—
562 3661 640 3736 1916,
659 3661 684 3716 la
702 3673 834 3717 comtesse
852 3662 885 3717 de
900 3662 1079 3718 Vaxdetnont.
1100 3696 1135 3705 -
1153 3680 1232 3734 2005,

117 3747 250 3805 Hurrions
261 3746 294 3801 de
306 3745 495 3802 Wadesmonz.

154 3851 182 3899 2.
454 3863 468 3894 «
486 3841 522 3896 Al
535 3841 614 3897 siecle
628 3843 716 3896 abien
730 3842 777 3896 fait
790 3842 890 3897 savoie

441 3927 504 3989 Que
515 3925 575 3980 nuls
588 3927 656 3981 hom
668 3942 702 3980 ne
713 3925 731 3979 li
746 3926 848 3981 desfent

442 4008 513 4066 Tant
527 4026 588 4064 com
599 4009 624 4063 le
632 4022 740 4065 savront
751 4010 850 4065 vivant.
867 4031 881 4062 n
