2782 4980
625 385 803 453 „30-

199 507 290 586 Quin
318 507 426 589 etiam,
456 503 549 574 dolor
572 530 639 575 non
668 530 771 597 aequo
797 526 924 577 tantum
952 510 1077 590 auimo,
1106 509 1171 578 sed
1197 509 1274 578 laeto

153 621 365 712 accipiendus.
385 620 540 689 Dolorem
557 645 624 690 non
642 619 802 703 tolerabis,
823 621 879 689 sed
895 621 1016 692 fovebis
1035 648 1043 690 ε
1066 648 1084 686 a
1103 647 1189 692 nam
1207 647 1274 714 pec·

153 755 204 805 tus
229 734 389 804 illuminat
410 747 549 804 totum1.
578 761 594 799 »
618 737 668 803 De
693 759 840 804 moerore
861 736 1000 825 effugere
1021 755 1054 806 et
1075 737 1166 807 elabi
1188 737 1275 807 nullo

155 848 254 918 modo
268 867 424 918 conantur
437 848 540 939 lyrici,
556 851 674 940 quippe
686 853 742 940 qui
760 852 794 919 in
808 873 932 919 carcere
946 871 1157 921 asserventur
1174 878 1193 917 α
1211 875 1275 920 non

153 962 285 1033 horrido
305 988 365 1032 uec
382 963 567 1048 tenebroso,
589 963 646 1033 sed
666 965 801 1034 lucidius
821 990 918 1056 quam
941 966 1008 1034 dies
1025 966 1194 1056 paschalis
1215 990 1276 1036 ret·

153 1077 357 1168 plendente2.
379 1104 395 1141 u

579 1195 731 1263 ...Medio
750 1194 790 1263 de
808 1195 898 1266 fonte
919 1195 1072 1265 dolorum

265 1309 370 1397 Surgit
388 1309 514 1376 amoeni
533 1307 650 1398 aliquid
667 1309 754 1379 luctu
771 1309 859 1400 quod
879 1310 999 1380 mulcet
1016 1312 1050 1378 in
1069 1312 1161 1401 ipso·

197 1452 258 1517 Hic
269 1449 380 1538 gaudii
394 1451 550 1517 rationem
567 1448 663 1518 habes
679 1449 793 1541 (vulgo
810 1478 817 1519 :
832 1455 895 1542 joy,
909 1450 984 1542 joie)
1000 1476 1018 1520 a
1033 1453 1234 1521 Provinciae
1247 1470 1277 1521 et

153 1564 274 1634 Galliae
294 1567 394 1653 poetis
418 1566 492 1633 satis
516 1565 702 1653 explicatam
725 1591 732 1633 :
764 1591 780 1629 u
806 1568 923 1635 Aestus
941 1585 991 1634 est
1011 1568 1114 1634 animi
1135 1566 1275 1657 quidam

152 1684 265 1764 mirus,
288 1702 353 1770 quo
367 1678 515 1747 homines
534 1703 629 1768 snpra
644 1679 723 1747 viles
741 1703 852 1749 sensus
868 1680 1065 1750 extolluntur
1091 1679 1274 1772 vividoque

150 1796 271 1885 impetu
286 1796 320 1861 in
334 1796 444 1861 omnia
458 1792 590 1882 pulchra
599 1817 820 1885 generosaque
832 1795 1056 1885 impelluntur,
1069 1794 1123 1863 vel
1139 1797 1167 1863 si
1182 1795 1273 1865 vido

151 1928 244 1978 antur
263 1933 330 1977 non
345 1909 412 1976 sine
427 1909 564 1975 amentia
580 1912 693 1977 tentari
709 1933 815 1998 posse.
832 1911 900 1990 Qui
914 1909 969 1978 tali
988 1929 1077 1978 aestu
1095 1909 1271 2000 impletur,

150 2023 232 2092 nihil
254 2026 315 2093 nisi
338 2022 425 2090 illam
450 2023 567 2112 cogitat
592 2046 689 2112 quarn
719 2044 804 2093 amat
830 2027 984 2115 cujusque
1019 2026 1120 2115 gratia
1156 2027 1274 2092 omnia

152 2142 298 2207 amittere
316 2161 382 2205 non
399 2158 568 2206 recusaret.
590 2139 625 2205 Si
644 2140 716 2228 quis
734 2158 846 2207 contra
866 2138 980 2228 frigida
1002 2142 1123 2207 ratione
1144 2159 1268 2222 utatur,

150 2255 354 2342 importunus
370 2252 505 2321 habetur
519 2251 725 2343 odiosusque‚
743 2256 797 2344 qui
815 2257 978 2344 propriam
994 2255 1092 2323 vitam
1108 2277 1270 2323 exornare

150 2370 281 2452 nesciat,
302 2368 504 2457 aliorumque
517 2367 694 2457 voluptates
708 2369 843 2437 offuscet
852 2380 875 2436 ³.
895 2396 911 2431 »
929 2371 1007 2448 Quo
1021 2389 1114 2458 pacto
1127 2392 1187 2436 cot
1199 2388 1269 2438 tam

148 2505 239 2573 grato
252 2507 370 2572 angore
384 2482 551 2566 laboraret,
573 2506 630 2551 nec
644 2484 840 2572 gauderet4?
855 2483 1023 2574 Voluptati
1042 2507 1060 2551 a
1073 2482 1162 2553 falsis
1180 2510 1270 2555 atna-

361 2766 499 2821 Chascuns
511 2783 539 2821 se
550 2766 632 2838 plaint
645 2767 771 2822 d'Amors
785 2768 851 2840 qu‘il
862 2768 886 2822 le
897 2770 1003 2840 justise3

359 2849 427 2904 Mais
440 2850 492 2922 j’en
507 2851 559 2905 suis
570 2850 618 2906 lies
632 2850 754 2924 plusque
769 2852 802 2906 de
812 2853 859 2907 nul
870 2854 944 2908 avoir
960 2872 966 2907 :

360 2933 403 2989 Cil
416 2935 461 3005 qui
474 2935 534 2988 bien
544 2936 614 2989 aime
628 2952 661 2989 en
675 2939 721 3008 gre
735 2936 792 2991 doit
801 2937 918 2991 receuoir

359 3018 409 3072 Les
423 3017 489 3072 mals
501 3017 658 3075 d’Amors...

959 3091 1061 3163 (Arca,
1074 3091 1216 3165 XLVIII.)

186 3205 209 3243 1.
229 3186 326 3252 Adam,
342 3186 390 3252 IX,
408 3202 453 3257 33:
469 3185 540 3241 C'est
554 3188 622 3242 bons
635 3205 711 3242 maus
725 3189 770 3260 qui
784 3205 845 3242 cuer
860 3188 975 3244 esclaire.

183 3300 208 3340 2.
229 3285 320 3338 Perrin
334 3283 523 3356 d'Angecourt,
538 3285 575 3339 H.
591 3286 634 3351 L.‚
650 3283 711 3341 666.

184 3397 208 3452 3.
228 3383 353 3453 Jeanroy,
367 3382 407 3435 Dc
419 3381 568 3435 nostratibus
575 3383 663 3453 poetis,
676 3398 703 3453 p.
718 3396 759 3451 54.

182 3493 208 3545 4.
413 3477 560 3533 Comment
569 3478 669 3549 porroit
682 3493 758 3532 euers
772 3480 854 3533 sentit

412 3561 439 3615 Si
451 3561 540 3615 douch
554 3561 607 3615 mal
621 3578 681 3616 sans
694 3574 761 3616 estre
773 3579 807 3617 en
818 3563 893 3635 joie?

817 3646 928 3716 (Adam,
944 3647 1015 3713 XIV,
1030 3664 1056 3718 p.
1074 3646 1132 3718 37.)

414 3727 481 3783 ...Et
495 3741 577 3800 quant
588 3728 614 3802 je
626 3728 685 3799 plus
694 3729 785 3801 plaing
796 3742 822 3784 et
835 3731 929 3802 sospir‚

413 3811 476 3867 Plus
487 3812 527 3867 sui
542 3811 629 3884 joianz
643 3824 724 3884 quant
737 3812 796 3884 plus
810 3814 894 3868 m'air.

688 3895 737 3965 (G.
753 3895 903 3968 d'EspInau,
920 3898 1008 3966 Brak.,
1025 3898 1128 3965 Charta,
1144 3900 1210 3971 VI.)

19 4416 261 4690 N
