2782 4980
551 624 701 680 CARMEN
737 625 761 676 V

358 807 400 854 OR
422 806 519 853 VUEIL
541 805 689 854 CHANTER
712 805 753 851 ET
777 805 970 852 souaclelt...

144 1005 204 1060 Hoc
217 1019 332 1067 carmen,
348 1003 420 1074 quod
432 1003 460 1055 in
474 1002 554 1056 unico
563 1002 687 1056 bernensi
699 1002 786 1055 codice
797 1002 859 1071 (Βῆ
873 1000 896 1054 f0
911 1016 957 1070 171
975 1002 1019 1071 v0)
1031 1002 1157 1072 reperias,
1171 1002 1230 1056 edi·

111 1088 206 1143 derunt
220 1086 404 1153 Brakelmann‚
424 1085 530 1152 Archiv,
547 1084 600 1140 vol.
619 1085 713 1151 XLIII,
728 1101 754 1154 p.
771 1086 833 1149 280,
851 1097 878 1139 et
891 1083 986 1151 Tarbe‚
1003 1084 1188 1138 Chansonniers
1201 1085 1231 1139 de

113 1172 277 1242 champagne,
289 1187 316 1241 p.
329 1170 373 1240 83.

355 1343 406 1412 Or
421 1342 506 1411 vueil
526 1342 656 1411 chanter
675 1359 707 1409 et
725 1342 856 1410 solacier

356 1458 394 1525 Et
410 1457 486 1524 faire
504 1457 566 1544 joie
585 1475 616 1524 et
633 1456 819 1537 renvoisier,

358 1571 434 1647 Que
449 1593 489 1637 ne
504 1570 549 1637 sai
564 1571 590 1637 si
603 1568 678 1637 loial
693 1570 823 1637 mestier
840 1593 847 1635 :

357 1686 419 1751 Por
437 1706 472 1750 ce
491 1706 532 1750 ne
550 1682 579 1751 le
597 1681 682 1752 vueil
700 1684 728 1770 je
747 1682 877 1750 laissier.

449 1797 490 1864 Se
509 1818 562 1863 ma
576 1794 679 1863 donce
693 1798 778 1863 amie

448 1911 510 1978 Cui
530 1911 560 1998 je
574 1932 615 1976 ne
634 1909 675 1976 he
694 1909 758 1976 mie

447 2027 501 2093 Me
519 2039 595 2092 veut
612 2021 690 2090 faire
709 2031 771 2104 aie,

448 2138 526 2204 Bien
545 2138 616 2225 puis
631 2135 803 2224 esploitier.

450 2251 491 2317 Sa
509 2267 601 2338 grant
614 2249 763 2317 cortoisie

450 2362 517 2430 M’a
531 2361 633 2431 rendu
649 2361 679 2430 la
692 2363 756 2445 vie,

449 2477 532 2544 Mais
551 2499 629 2563 gens
648 2475 734 2565 plain
753 2475 878 2543 d'envie

448 2598 538 2666 M'en
557 2598 627 2666 iont
645 2596 810 2686 aloignier.

155 2790 320 2843 Aennnnrus
336 2804 472 2844 carneus.
492 2790 578 2842 -In
597 2790 709 2858 margine
729 2807 734 2842 :
753 2788 835 2842 colins
854 2803 954 2842 muzes.
972 2817 1007 2830 —
1020 2786 1055 2842 V.
1079 2803 1102 2853 1,
1122 2805 1152 2841 or
1170 2789 1237 2843 ueul

121 2872 237 2926 chanteir
250 2885 276 2925 et
287 2871 432 2926 soulaicier.
448 2903 482 2913 -
493 2872 526 2927 V.
543 2887 568 2938 2,
583 2873 743 2926 renuoixier.
756 2902 792 2912 —
803 2871 837 2925 V.
857 2889 881 2943 3,
897 2873 986 2927 lte...si
1001 2870 1091 2926 loiaul.
1107 2902 1143 2911 -
1154 2872 1190 2926 V.
1204 2887 1233 2938 4,

121 2971 169 3026 por
184 2971 230 3007 ceu
243 2971 276 3007 ne
288 2955 312 3007 le
326 2953 388 3008 ueul
402 2956 454 3008 ieu.
470 2985 506 2994 -
520 2954 555 3011 V.
568 2954 595 3018 6,
614 2955 657 3009 hei
673 2955 735 3008 mie.
752 2985 785 2994 -
799 2954 834 3008 V.
851 2971 877 3025 7,
894 2971 938 3008 me
955 2953 1015 3008 ueul
1028 2954 1209 3024 (Brakelmann
1226 2973 1234 3010 ι

122 3036 220 3105 ueult.)
232 3068 265 3077 -
278 3038 313 3090 V.
329 3038 355 3103 8,
372 3039 433 3091 bien
446 3053 523 3108 peux.
539 3068 572 3078 -
586 3037 620 3090 V.
638 3053 679 3105 10,
696 3037 760 3091 mait
771 3038 864 3094 rendu.
876 3067 912 3077 -
923 3039 958 3092 V.
974 3053 1014 3102 11,
1031 3037 1101 3090 maix
1109 3049 1184 3109 gent.

157 3241 246 3293 lnnnx
268 3253 435 3293 Marnonun.
463 3269 498 3279 -
520 3239 562 3292 De
586 3238 668 3308 hujus
688 3238 810 3290 carminis
831 3238 939 3290 metrica
960 3237 1061 3290 ratione
1086 3237 1236 3307 improvide

123 3323 220 3392 scripsit
242 3322 415 3375 Brakelmann
436 3321 557 3390 (Archiv,
580 3320 679 3384 XLIII,
704 3321 783 3388 280),
808 3320 904 3390 quippe
926 3320 971 3391 qui
995 3317 1095 3372 nullam
1117 3320 1236 3372 strictam

122 3405 291 3475 stropharum
305 3403 543 3458 conformationem
562 3403 590 3455 in
607 3403 660 3455 hoc
677 3415 798 3472 poemate
818 3401 1041 3455 animadverterit.
1061 3402 1130 3465 Into,
1151 3401 1237 3471 rigida

123 3499 149 3541 et
167 3486 303 3540 artificiosa
318 3485 377 3557 lege
393 3501 482 3539 versus
501 3484 581 3538 simul
600 3497 808 3554 componuntur,
829 3502 919 3556 quam,
940 3485 993 3538 hoc
1010 3483 1143 3537 schemate
1160 3483 1237 3554 adju-

122 3581 210 3636 vante,
226 3568 300 3622 facile
314 3569 446 3639 percipies.
464 3568 578 3637 Stropha
590 3568 662 3621 enim
674 3580 777 3622 constat
791 3586 797 3621 ε

162 3666 189 3706 10
202 3668 217 3704 e
229 3663 340 3722 quatuor
354 3651 478 3704 consonis
489 3651 631 3704 octonariis
643 3650 780 3705 versibus':
795 3667 819 3716 a,
832 3667 858 3717 a,
870 3667 895 3717 a,
908 3666 940 3716 a;

157 3748 186 3789 20
204 3751 235 3788 ex
247 3745 308 3788 octo
317 3734 437 3788 versibus
445 3735 539 3804 quinas
550 3733 707 3786 habentibus
721 3732 842 3803 syllabas,
852 3734 889 3787 sic
899 3732 1056 3787 consociatis
1067 3749 1072 3786 :
1083 3731 1151 3797 ibba,
1161 3731 1235 3800 biam

160 3831 188 3889 30
207 3834 222 3872 e
234 3829 347 3888 quatuor
361 3817 485 3870 consonis
498 3817 639 3870 octonariis
651 3817 769 3869 versibus
783 3835 789 3870 :
806 3833 827 3881 c,
839 3833 860 3881 c,
874 3833 895 3880 c,
911 3832 932 3870 c.

159 3900 279 3972 Strophis
292 3900 393 3971 primae
406 3911 432 3953 et
449 3899 577 3954 secundae
593 3898 702 3952 eaedem
718 3911 770 3952 tres
783 3915 912 3952 versuum
931 3896 1061 3950 clausulae
1075 3897 1238 3951 conveniunt

123 3987 183 4057 (iar,
196 3987 227 4050 ie,
240 3983 295 4057 er);
309 3983 385 4039 tertia
398 3996 487 4040 autem
498 3982 605 4057 stropha
620 3993 795 4038 consonantes
807 3998 885 4039 voces
897 3981 980 4036 variat
995 3981 1038 4054 (is,
1052 3981 1084 4047 ie,
1099 3979 1149 4051 ar).
