2782 4980
609 362 782 450 ,33-

137 497 288 590 idemque
305 519 543 589 argumentum,
563 503 735 570 sexcenties
754 502 938 589 repetitum,
956 503 1134 570 sexcenties
1151 525 1259 571 recan-

137 632 233 698 tetur,
259 639 367 684 nonne
386 634 472 706 patet
492 636 630 705 agrestes
648 640 777 706 quoque
796 636 906 707 poetas
923 640 989 685 non
1006 619 1192 687 secundum
1206 642 1259 687 na-

137 749 254 814 turam,
275 749 310 800 ut
324 754 410 816 aves,
432 755 557 813 canere,
580 731 635 799 sed
657 755 848 800 communes
866 731 956 800 locos
976 731 1147 802 dictitare?
1165 732 1258 802 Adeo

138 847 256 913 rustica
270 847 337 936 ipsa
354 848 458 934 poesis
473 870 540 914 non
555 847 706 915 naturalis
720 866 779 931 est,
798 846 854 915 sed
869 847 981 916 civilis.

184 961 279 1039 Quae
304 984 379 1029 cum
401 963 445 1030 ita
468 964 543 1044 sint,
574 960 837 1052 quandoquidem
859 965 1026 1030 conventis
1054 983 1183 1033 constat
1212 988 1261 1032 ars

137 1075 298 1165 quaelibet
323 1097 354 1145 et
380 1077 539 1166 imprimis
563 1076 661 1167 lyrica
686 1079 804 1166 poesis,
832 1101 912 1145 num
935 1076 1015 1145 adeo
1039 1076 1204 1147 humilem
1230 1099 1261 1149 et

138 1190 311 1258 informem
333 1190 410 1259 boni
435 1211 466 1259 et
488 1191 610 1281 pulchri
635 1194 776 1281 speciem
805 1193 916 1260 animo
940 1210 1070 1261 tenuere
1099 1212 1261 1263 nostrates

140 1305 238 1373 medii
257 1307 324 1373 aevi
343 1305 457 1395 lyrici?
477 1308 580 1390 Num,
603 1305 756 1397 dignitate
777 1306 904 1390 saltem,
927 1307 1069 1375 romanis
1088 1306 1259 1398 elegorum

139 1420 345 1509 scriptoribus
372 1419 501 1503 cedunt,
530 1423 682 1511 epicureis
702 1421 977 1512 voluptariisque?
1001 1423 1091 1492 Num
1117 1425 1261 1512 superati

139 1553 226 1618 sunt,
245 1533 332 1623 quod
350 1533 390 1604 ad
401 1559 556 1604 sensuum
572 1534 772 1605 altitudinem
790 1554 921 1626 spectat,
932 1538 1079 1605 arcessita
1091 1539 1258 1607 concinni·

138 1649 1261 1741 tatexvnsaeculilyricorumetfrigidaurbanitatetvelelegantiluxu-

140 1766 185 1831 ria
202 1764 239 1833 ab
255 1786 333 1833 xv111
346 1764 465 1835 saeculi
482 1768 585 1855 poetis
599 1767 758 1855 appetita?
772 1767 860 1849 Imo,
880 1765 964 1834 eade
981 1769 1102 1834 Amore
1114 1766 1262 1837 doctrina

140 1871 224 1938 inter
245 1891 366 1939 ceteras
394 1873 515 1939 eminet
536 1895 618 1961 quae
643 1870 737 1941 docet
762 1895 908 1940 amorem
933 1874 967 1939 in
994 1872 1094 1940 libera
1123 1876 1262 1943 amantis

140 1985 304 2054 voluntate
318 1983 467 2069 residere,
488 1986 607 2054 scilicet
623 1990 656 2054 in
671 1986 758 2055 cultu
776 1987 814 2054 ab
830 2005 958 2055 amante
975 1985 1128 2056 dominae
1141 1986 1262 2073 dicato,

142 2100 195 2169 ubi
210 2100 385 2189 exploravit
407 2100 460 2168 ille
477 2102 574 2190 qu‘am
589 2103 628 2169 sit
644 2100 727 2169 bona
742 2119 774 2169 et
792 2103 915 2170 sincera
924 2128 934 2185 ;
951 2126 988 2170 ea
1001 2102 1099 2190 pollet
1114 2101 1263 2173 doctrina

141 2238 203 2305 qua
221 2238 313 2282 amor
326 2217 439 2283 nonin
452 2215 597 2285 laborum
612 2216 773 2300 mercede,
790 2214 890 2285 sedin
905 2218 982 2306 ipsis
993 2216 1154 2285 laboribus
1167 2220 1262 2308 poni-

142 2332 263 2397 nonin
288 2329 464 2419 voluptate,
487 2329 596 2398 sedin
616 2332 688 2419 ipso
713 2331 801 2399 cultu
828 2330 1006 2420 eodemque
1030 2333 1194 2418 gratuito;
1223 2355 1261 2400 ea

140 2446 301 2536 praecellit
315 2445 460 2515 doctrina
478 2470 540 2536 qua
556 2470 658 2530 amor,
676 2449 791 2537 cuique
807 2469 865 2535 pro
883 2466 949 2515 rata
963 2466 1051 2536 parte
1065 2448 1262 2515 meritorum

140 2561 289 2644 tributus,
319 2562 474 2630 virtutum
498 2561 570 2628 fons
597 2561 731 2630 habetur
758 2584 789 2629 et
814 2563 1021 2650 principium.
1051 2563 1096 2628 Ea
1124 2558 1262 2630 demum

142 2675 287 2743 doctrina
311 2699 377 2743 non
402 2673 484 2743 adeo
511 2675 621 2743 infelix
647 2679 816 2765 jejunaque
851 2699 919 2744 esse
947 2676 1073 2745 videtur
1099 2699 1194 2766 quae,
1223 2700 1263 2744 ex

139 2792 314 2879 Aquitania
332 2791 476 2879 primum
491 2791 589 2858 effusa
608 2809 640 2858 et
659 2813 714 2880 per
723 2792 871 2878 regiones
889 2810 1073 2880 propagata,
1093 2809 1263 2880 totpoeta-

140 2928 214 2973 rum
232 2906 360 2994 agmina
374 2907 523 2973 suscitare
539 2905 649 2988 valuit,
669 2909 736 2973 sive
755 2907 788 2971 in
806 2905 909 2972 Gallia
923 2904 1151 2973 Theobaldum
1166 2905 1264 2974 Carn-

141 3021 253 3109 paniae
273 3020 427 3087 comitem
443 3018 671 3110 Adamumque
690 3019 866 3087 Halensem
885 3022 1071 3109 respexeris,
1090 3021 1156 3088 sive
1178 3019 1262 3110 apud

141 3135 322 3202 Germanos
341 3134 521 3204 Henricum
537 3158 593 3203 von
612 3133 732 3202 Veldcke
752 3154 783 3203 et
803 3133 993 3203 Gualterum
1011 3159 1069 3202 von
1088 3134 1140 3200 dar
1158 3135 1263 3223 Vogel·

141 3249 244 3332 weida,
272 3251 339 3316 sive
367 3251 399 3321 in
428 3247 516 3317 Italia
539 3251 731 3332 Petrarcam‚
755 3272 838 3339 quae
864 3248 1003 3339 denique
1027 3245 1186 3318 Ronsardi
1211 3248 1263 3317 vel

142 3366 238 3432 eriam
260 3362 480 3452 Shakespearii
504 3364 601 3453 lyrica
621 3366 763 3432 carmina
780 3363 930 3432 ultimam
950 3362 1095 3431 sobolem
1118 3386 1264 3452 procrea-

142 3482 200 3548 vit.

188 3597 284 3663 Hunc
298 3613 406 3662 tamen
426 3595 697 3684 pretiosissimum
717 3617 755 3660 ex
778 3593 928 3660 amatoria
945 3591 998 3658 illa
1017 3593 1106 3679 poesi
1126 3591 1268 3660 fructum

143 3713 297 3800 cepimus,
315 3709 435 3778 scilicet
450 3707 550 3800 quod,
570 3710 656 3775 viam
670 3705 881 3775 indicantibus
898 3705 1128 3776 vetustioribus
1143 3705 1264 3795 lyricis,

142 3824 181 3892 ad
200 3823 418 3913 componendi
437 3820 674 3912 eloquendique
696 3841 796 3889 artem
820 3822 961 3909 primurn
983 3844 1095 3888 sumus
1121 3820 1260 3887 excitati.

186 3937 286 4016 Quod
311 3939 441 4029 quidem
465 3936 545 4005 adeo
568 3955 657 4026 paret
684 3956 718 4004 ut
743 3938 890 4003 insistere
918 3954 950 4002 et
974 3937 1167 4003 commorari
1193 3958 1268 4035 non

142 4050 262 4121 deceat.
