2782 4980
667 393 822 439 ..2-

229 515 355 581 Etenim
383 515 551 581 materiam
569 512 623 581 ille
649 538 716 582 non
739 514 886 584 exhausit
911 516 968 604 qui
993 514 1125 603 planum
1150 514 1305 582 manifes-

184 645 319 716 tumque
347 622 433 697 lecit
453 626 713 718 francogallicam
739 631 864 719 poesim
896 653 914 696 a
941 631 1109 696 Provincia
1139 630 1306 719 originem

185 739 312 810 duxisse
329 759 337 807 :
355 740 619 833 quandoquidem
635 766 708 811 eam
732 764 799 815 non
820 767 919 812 vanae
939 741 1066 812 cuidam
1091 745 1224 832 imagini
1250 743 1305 810 vel

184 858 272 924 inani
284 856 457 926 simulacro
465 859 670 947 aequiparare
680 860 796 948 possis,
812 858 899 948 quod
909 877 1095 926 extenuatos
1104 858 1304 947 Aquitaniae

187 995 322 1061 poeseos
343 971 464 1041 colores
494 971 637 1062 replicet,
665 970 721 1040 sed
749 974 852 1041 vivaci
885 975 992 1062 potius
1025 974 1206 1062 propagini,
1237 995 1303 1062 qua

184 1087 280 1175 stirps
294 1088 424 1176 antiqua
440 1089 473 1154 in
491 1111 593 1157 novos
607 1087 690 1155 fetus
704 1089 881 1156 reviviscat.
905 1086 961 1155 Illa
986 1087 1106 1156 scilicet
1126 1087 1304 1177 pulchritu-

185 1198 269 1267 dinis
283 1200 391 1268 forma
415 1224 432 1268 a
459 1200 712 1271 Prouincialibus
735 1203 879 1291 primum
896 1220 1063 1292 concepta,
1088 1200 1196 1269 nobile
1219 1199 1303 1269 illud

184 1312 310 1382 dicendi
341 1314 534 1404 amandique
566 1338 668 1405 genus
693 1339 762 1385 non
787 1340 823 1384 ea
846 1316 898 1384 die
916 1320 1043 1385 evanuit
1065 1341 1127 1406 qua
1151 1317 1297 1405 Ligerim

185 1428 406 1498 transvolavit.
424 1431 508 1514 ImO,
521 1452 711 1519 generosum
730 1450 899 1521 poetarum
913 1450 1108 1521 proventum
1124 1432 1302 1498 etiamtunc

184 1545 343 1611 seminare
352 1562 487 1633 poterat,
504 1565 535 1613 et
548 1568 658 1614 revera
676 1548 856 1617 seminavit.

228 1658 277 1726 Illi
297 1678 405 1726 autem
422 1679 535 1748 poetae
550 1679 635 1728 certa
647 1659 856 1730 similitudine
877 1663 960 1730 inter
985 1686 1019 1730 se
1043 1663 1299 1729 consociantur:

181 1758 245 1841 'nec
264 1775 397 1856 mirum,
418 1797 492 1842 cum
505 1798 544 1842 ex
561 1772 678 1842 iisdem
693 1774 835 1844 fontibus
853 1776 1027 1860 hauserint,
1051 1777 1201 1865 idemque
1226 1775 1305 1863 pul-

185 1887 253 1955 chri
272 1886 435 1977 exemplar
448 1890 564 1957 sectati
580 1891 655 1957 sint.
673 1891 772 1979 Atqui
791 1914 856 1958 non
872 1890 1073 1959 indiscretius
1086 1893 1168 1957 inter
1184 1914 1218 1957 se
1232 1914 1304 1978 per·

186 2003 360 2070 miscentur
375 2026 484 2092 quam,
506 2005 539 2071 in
557 2003 697 2092 qualibet
716 2005 858 2093 regione,
876 2004 966 2091 lyrici
982 2007 1074 2072 unius
1091 2003 1303 2093 ejusdemque

186 2118 360 2206 temporis;
382 2140 440 2184 nec
464 2117 586 2184 facilius
605 2118 810 2187 Ronsardum
828 2142 846 2185 a
864 2118 1033 2204 Joachimo
1049 2119 1181 2201 Bellaio,
1195 2121 1304 2186 Aura-

185 2250 255 2300 tum
270 2255 288 2298 a
301 2233 455 2320 Thyardo
471 2230 665 2300 discerneres
684 2254 690 2295 :
707 2232 803 2301 facies
817 2258 883 2302 non
906 2234 1057 2302 omnibus
1073 2234 1209 2315 diversa,
1232 2257 1304 2303 non

186 2371 250 2416 una
262 2366 384 2431 tamen,
406 2348 536 2436 qualem
552 2346 634 2416 solet
653 2372 721 2417 esse
741 2349 923 2438 aequalium
940 2369 1120 2440 poetarum.
1143 2349 1304 2418 Commu·

185 2464 240 2530 nia
273 2481 380 2531 autem
423 2462 464 2530 de
505 2466 627 2532 Amore
670 2485 858 2552 argumenta
904 2467 1135 2555 unusquisque,
1165 2461 1303 2533 diversis

186 2579 291 2648 modis
306 2581 544 2669 interpretatus,
564 2578 687 2648 diverse
700 2579 907 2670 amplificavit
927 2606 935 2647 :
958 2605 1035 2648 suus
1054 2582 1170 2669 cuique
1188 2581 1305 2668 singu-

185 2692 260 2761 laris
275 2692 401 2762 habitus
413 2719 422 2777 ;
444 2718 501 2762 sua
527 2697 642 2783 cuique
663 2697 802 2784 genuina
822 2697 870 2765 vis
882 2723 891 2780 ;
915 2719 1012 2763 suum
1037 2699 1164 2785 cuique,
1189 2716 1303 2785 suapte

186 2828 298 2878 natura
316 2811 441 2899 vigens,
454 2810 634 2898 ingenium.

230 2925 341 3004 Quam
373 2942 481 2991 tamen
514 2926 704 3014 opinionem
733 2948 838 3015 neque
871 2947 932 3014 ego
959 2925 1130 2994 manifesto
1165 2923 1302 3015 probare

184 3061 324 3127 possem,
341 3063 445 3128 neque
463 3058 498 3108 tu
526 3040 696 3108 manifesto
719 3040 935 3129 redargueres.
963 3043 1077 3107 Manca
1098 3042 1186 3107 enim
1205 3059 1303 3128 atque

186 3152 335 3221 inchoata
351 3151 390 3221 ad
408 3153 600 3222 hodiernam
620 3153 708 3223 diem
738 3156 893 3223 remansit
920 3174 1026 3222 nostra
1053 3174 1199 3224 veterum
1223 3154 1302 3243 lyri-

187 3286 298 3335 corum
310 3271 453 3358 cognitio
471 3295 478 3336 :
501 3293 605 3359 neque
621 3294 657 3337 ea
672 3270 775 3339 multo
791 3293 889 3359 quam
904 3293 964 3337 nos
980 3268 1077 3336 habes
1091 3271 1230 3336 notiora.

230 3383 344 3470 Ecquis
354 3386 441 3451 enim
451 3403 598 3453 nostrum
605 3404 727 3453 veteres
741 3388 818 3454 istos
829 3403 940 3473 poetas
952 3408 1018 3451 non
1028 3386 1173 3473 ignorat?
1184 3383 1302 3462 Quid?

184 3520 259 3565 cum
290 3497 354 3566 duo
383 3499 482 3567 millia
506 3519 635 3568 centum
663 3519 694 3568 et
722 3501 852 3589 triginta
884 3517 1030 3587 poemata
1061 3497 1154 3566 nobis
1184 3497 1302 3568 tradita

186 3611 313 3694 fuerint,
332 3636 349 3678 e
364 3612 478 3702 quibus
492 3617 545 3684 vix
560 3615 648 3682 mille
668 3613 771 3682 adhuc
781 3615 845 3680 sint
860 3614 944 3681 edita
958 3627 981 3681 ¹.
994 3615 1071 3692 Quo
1086 3633 1192 3682 autem
1206 3633 1301 3703 pacto

184 3725 372 3816 plerumque
400 3726 506 3796 edita?
540 3730 613 3797 Sive
642 3728 740 3817 apud,
769 3729 961 3812 Germanos,
991 3729 1097 3796 servili
1133 3748 1164 3797 et
1187 3728 1301 3796 odiosa

223 3909 245 3946 1.
266 3893 320 3948 Tot
343 3897 459 3949 carmina
484 3896 614 3951 recensuit
640 3896 674 3951 G.
698 3896 837 3968 Raynaud,
857 3895 1036 3968 Bibliographie
1066 3895 1106 3950 des
1129 3895 1303 3951 thunsonniers

186 3976 304 4046 franceis.
