2782 4980
574 402 613 415 -
638 388 749 455 44..

390 506 457 586 Qui
475 505 547 574 bien
568 528 642 578 vuer
661 507 812 578 d'Amots
831 511 905 599 joir,

503 622 535 690 Si
555 622 622 692 doit
639 623 734 691 sofrir

502 739 541 808 Et
560 738 737 809 endurer...

149 878 192 947 Ut
210 877 275 958 alii,
299 879 332 946 in
354 880 484 948 Amoris
502 878 566 948 fide
590 904 718 950 causam
737 883 881 971 reposuit
901 900 1016 966 totam,
1038 901 1077 952 ut
1095 906 1228 952 servum

105 990 207 1074 decet,
224 995 312 1082 cujus
327 992 478 1063 dominus
497 997 710 1085 patrocinium
730 996 923 1087 profitetur:

370 1136 433 1205 Car
449 1136 513 1205 fine
527 1140 646 1206 Amors
664 1161 717 1206 me
736 1138 792 1207 fait
808 1137 930 1208 cuidier

369 1252 454 1319 lions
468 1254 602 1321 servises
616 1275 657 1321 ne
672 1273 750 1343 puet
763 1255 858 1343 perir.

150 1390 311 1481 Denique,
333 1410 368 1461 ut
384 1393 448 1476 alii,
471 1392 631 1463 interdum
650 1393 690 1464 ad
710 1393 967 1485 desperationem
985 1393 1144 1465 adductus
1164 1415 1224 1478 est,

106 1505 195 1595 quasi
211 1506 244 1572 in
260 1528 299 1575 eo
315 1526 397 1577 esset
411 1526 446 1577 ut
461 1508 659 1598 aegritudine
677 1528 932 1590 consumeretur,
950 1507 1088 1598 ideoque
1108 1508 1228 1577 humili

107 1637 200 1711 atque
229 1622 347 1691 insulsa
376 1646 455 1693 voce
481 1624 647 1694 dominam
673 1627 774 1695 oravit
803 1645 840 1694 ut
864 1625 924 1693 sibi
949 1622 1102 1693 arrideret
1127 1626 1226 1692 mise

106 1755 240 1826 tamque
254 1736 353 1805 vitam
372 1737 525 1828 proferret
546 1764 554 1808 :

415 1880 463 1949 En
478 1902 557 1948 mon
571 1879 697 1954 descott
711 1905 769 1950 vos
784 1878 915 1949 demant

416 1996 469 2065 Un
489 1997 532 2064 tis
551 1995 832 2080 debonairement;

416 2110 490 2180 S'en
509 2114 607 2181 vivrai
622 2114 694 2203 plus
709 2113 959 2202 longuement...

153 2250 243 2320 Nihil
262 2276 301 2321 ex
324 2252 373 2321 his
398 2279 530 2338 novum,
556 2254 636 2323 nihil
659 2279 728 2323 esse
747 2277 871 2336 verum,
894 2250 1086 2342 supersedeo
1105 2251 1226 2321 dicere.

151 2366 243 2436 Trita
274 2366 352 2437 haec
382 2388 467 2451 sunt,
500 2389 531 2437 et
561 2394 601 2439 ex
630 2369 707 2439 locis
736 2393 870 2459 poeseos
900 2368 1013 2456 lyricae
1039 2367 1228 2456 vulgaribus

108 2503 247 2573 sumpta,
269 2504 344 2554 nota
359 2487 524 2554 communi
542 2487 631 2575 quasi
646 2488 780 2575 signata.
798 2485 889 2553 Nihil
907 2484 951 2552 illi
971 2481 1090 2551 calores
1106 2480 1229 2550 fidibus

108 2600 274 2668 commissi
291 2600 452 2690 praebent,
474 2599 562 2690 quod
582 2624 649 2669 non
670 2620 766 2691 queat
788 2600 869 2668 alius
888 2597 1022 2689 quilibet
1039 2615 1147 2686 poeta,
1167 2620 1227 2665 seu

109 2712 194 2801 quod
208 2712 247 2783 ad
262 2716 446 2795 sententias,
465 2737 521 2784 seu
537 2717 632 2783 etiam
644 2715 731 2805 quod
746 2713 785 2782 ad
797 2714 893 2783 verba
907 2714 1031 2793 attinet,
1046 2709 1107 2779 sibi
1120 2709 1227 2778 vindi·

108 2849 191 2897 care.
215 2830 342 2898 Horum
365 2848 501 2919 quatuor
518 2830 568 2898 vel
589 2832 732 2921 quinque
755 2832 934 2897 carminum
959 2849 1228 2915 unumquemque

109 2966 237 3012 versum
251 2943 393 3013 versibus
407 2945 579 3013 simillimis
594 2945 682 3012 facile
697 2945 850 3026 illustres,
867 2966 948 3033 quos
961 2942 1000 3010 ab
1013 2941 1083 3008 aliis
1096 2941 1226 3028 provin·

108 3057 239 3128 cialibus
253 3058 413 3147 gallicisve
431 3061 533 3150 poetis
548 3059 686 3128 haurias.
704 3061 773 3128 Nec
788 3081 902 3148 operae
917 3059 1057 3146 pretium
1077 3076 1136 3137 est,
1158 3077 1226 3122 cre-

109 3168 164 3254 do,
200 3171 291 3261 plura
322 3173 468 3263 exempla
500 3172 621 3256 afferre,
655 3196 736 3262 quae
769 3195 838 3239 rem
870 3172 930 3239 hac
956 3169 1027 3239 luce
1057 3167 1226 3237 clariorem

109 3284 365 3356 demonstratura
379 3289 455 3356 sint.

153 3403 264 3471 Unum
278 3404 352 3471 satis
367 3402 470 3471 habeo
485 3402 625 3492 proferre
639 3402 759 3484 locum,
778 3403 896 3470 mirum
911 3397 1045 3490 quidem
1067 3422 1074 3464 :
1096 3421 1173 3464 nam
1187 3399 1226 3465 iis

110 3514 186 3605 ipsis
213 3517 357 3586 versibus
381 3518 498 3608 quibus
524 3536 618 3608 poeta
645 3536 755 3585 noster
781 3518 939 3606 privatum
966 3512 1227 3602 peculiaremque

110 3655 242 3700 sensum
257 3635 433 3722 exprimere
452 3651 483 3702 et
501 3631 541 3702 de
560 3656 593 3700 se
612 3632 702 3700 fateri
720 3629 858 3712 videtur,
876 3628 990 3697 dictata
1004 3643 1156 3695 recantat.

154 3748 294 3831 Etenim,
324 3772 422 3817 nemo
449 3768 496 3816 est
520 3749 575 3838 qui
597 3750 723 3834 ignoret
747 3746 937 3814 innumeros
958 3762 1067 3831 poetas
1090 3764 1108 3807 a
1131 3743 1227 3808 verni

111 3865 265 3951 temporis
284 3863 388 3933 reditu
408 3866 453 3932 sic
474 3862 641 3931 exordium
665 3859 792 3929 duxisse
817 3884 825 3926 :
851 3859 976 3925 «Haec
1000 3856 1114 3938 cecini,
1137 3856 1226 3944 quia,

111 3978 319 4047 reviviscente
331 3997 454 4062 natura,
472 3979 664 4047 reviviscunt
678 3973 774 4043 simul
788 3973 944 4041 amatoria
955 3967 1071 4060 gaudia
1086 3990 1144 4036 nec
1160 3992 1228 4035 non
