2782 4980
579 443 756 512 -5,-

357 568 459 653 Apres
478 569 620 633 mauvais
639 567 765 653 seignur
780 584 880 632 troter
902 583 909 624 τ

359 679 413 746 S’ii
430 680 526 747 heent
544 679 617 747 bien
633 702 710 746 mon
724 677 913 758 demandet,

356 796 395 862 Et
409 797 451 881 je,
467 814 543 862 cent
554 813 638 877 tans,
659 793 876 862 iorreiuseri1

158 934 278 1001 Nonne
297 933 375 1000 haec
394 956 467 1001 vere
476 934 571 1021 digna
585 952 660 1001 sunt
674 956 754 1022 quae
767 957 784 1000 a
797 932 966 1001 Clemente
976 934 1106 1000 Maroto
1117 933 1235 1021 scripta

116 1046 247 1116 fuissent
258 1050 272 1115 i

159 1165 272 1249 Jocosa
286 1162 415 1252 quidem
432 1181 517 1245 sunt,
534 1185 602 1229 non
621 1161 776 1231 sordida:
800 1164 849 1231 vis
870 1164 904 1231 in
926 1162 975 1231 his
998 1163 1147 1251 epicurea
1172 1181 1234 1245 est,

116 1300 197 1345 vena
216 1278 354 1359 uberior,
377 1276 552 1367 eademque
568 1279 762 1366 incorrupta.
780 1280 863 1367 Lege
880 1279 975 1347 etiam
988 1275 1066 1345 illud
1080 1276 1236 1345 festivum

118 1416 185 1481 quo
198 1415 296 1482 pauca
311 1412 387 1462 sunt
405 1394 439 1460 in
458 1391 520 1460 hoc
537 1394 654 1461 scrinio
670 1396 854 1461 venustiora
871 1418 878 1459 :

337 1535 496 1601 Encontre
514 1532 544 1599 le
561 1553 629 1601 tens
649 1533 789 1601 novel...

164 1701 180 1738 «
207 1675 318 1743 Omne
344 1672 500 1763 gaudium
528 1673 609 1741 mihi
627 1675 716 1743 cordi
739 1694 799 1759 est,
821 1678 874 1755 ait,
896 1678 961 1745 sive
984 1675 1075 1764 pueri
1095 1673 1236 1762 puellae-

157 1888 180 1925 ι.
194 1872 335 1942 Nusquam
345 1870 415 1942 apud
426 1868 505 1922 medii
514 1868 572 1923 aevi
583 1869 679 1940 lyricos
693 1868 814 1941 ejusdem
826 1871 928 1942 generis
938 1886 1046 1924 carmen
1056 1869 1123 1922 mihi
1135 1885 1235 1922 occur-

118 1956 159 2024 rit,
180 1972 235 2009 uno
249 1967 340 2008 tamen
354 1966 473 2024 excepto,
493 1952 628 2007 simillimo
649 1953 767 2024 quidem,
789 1956 862 2025 quod
878 1955 995 2026 Jeanroy
1013 1954 1134 2026 princeps
1150 1953 1235 2008 edidit

119 2040 220 2111 (Orig.,
229 2056 255 2110 p.
268 2053 315 2106 505
323 2041 345 2110 .)
356 2037 428 2092 Cum
437 2050 537 2104 autem,
550 2050 681 2091 asserente
693 2038 846 2093 doctissimo
854 2038 901 2094 ilio
911 2040 1099 2097 anismetricae
1110 2044 1235 2096 aestima-

117 2138 185 2191 tore,
199 2123 334 2193 Nicolaus,
343 2122 415 2175 solus
429 2122 497 2174 inter
511 2120 591 2173 medii
607 2121 664 2175 aevi
675 2121 781 2192 lyricos,
799 2122 869 2176 hanc
881 2123 1094 2194 simplicissiman
1106 2126 1235 2197 stropha—

117 2230 178 2267 rum
190 2215 320 2267 rationem
340 2210 488 2264 adhibuerit
506 2210 590 2279 (aaaa,
607 2210 690 2279 bbbb)
708 2210 818 2265 fortasse
839 2212 984 2266 sententiae
1003 2212 1150 2285 aJeanroy
1164 2213 1236 2268 latae

117 2298 252 2362 assenties,
268 2297 365 2367 quippe
374 2295 419 2366 qui
433 2294 485 2347 hoc
495 2310 602 2365 quoque
612 2311 718 2348 carmen
728 2309 821 2366 poetae
835 2309 927 2351 nostro
937 2298 1110 2369 adscripserit.
1126 2299 1163 2352 Hi
1171 2312 1237 2354 sunt

117 2384 150 2437 de
159 2383 255 2455 quibus
270 2383 356 2453 agitur
367 2378 486 2434 versiculi
503 2396 509 2431 :

331 2499 346 2528 «
365 2477 457 2540 Quam
469 2476 494 2549 je
507 2477 551 2530 voi
565 2477 620 2529 iver
635 2489 760 2544 retorner,

330 2562 395 2615 [ors
407 2576 451 2614 me
462 2561 590 2614 voudroie
603 2559 730 2631 sejomer‚

331 2646 366 2700 Se
379 2645 404 2717 je
415 2645 494 2715 pooie
508 2656 564 2698 oste
578 2657 665 2698 trover

330 2729 424 2800 Large,
439 2728 483 2798 qui
495 2744 529 2781 ne
543 2729 643 2782 vousist
652 2741 752 2793 contet,

331 2811 444 2875 Qu'eiast
454 2828 516 2882 porc
529 2823 555 2865 et
569 2811 634 2865 buef
644 2824 669 2866 et
681 2825 804 2878 mouton‚

330 2896 461 2961 Maslarm,
476 2895 573 2949 faisanz
585 2907 612 2949 et
623 2897 763 2962 venoison,

331 2981 438 3036 Grasses
451 2979 551 3052 gelines
561 2991 587 3033 et
598 2980 724 3051 chapom,

330 3066 362 3119 Et
376 3065 444 3118 bons
455 3063 587 3134 fromages
601 3080 635 3117 en
649 3064 738 3136 glaon.

329 3150 363 3204 Et
376 3148 402 3202 la
415 3148 493 3203 dame
504 3148 557 3202 iust
571 3150 681 3203 autressi

330 3233 453 3288 Cortoise
465 3249 542 3287 come
554 3232 573 3284 li
586 3234 678 3300 mariz,
743 3301 746 3305 Ι

331 3319 363 3372 Et
374 3330 436 3371 touz
448 3318 501 3388 jors
513 3316 571 3370 feist
580 3333 646 3370 mon
658 3317 737 3388 plesir

329 3402 395 3457 Nuit
406 3414 431 3455 et
444 3402 486 3472 jor
498 3400 619 3471 jusqu’au
630 3401 702 3453 mien
715 3400 804 3470 partit,

330 3486 362 3540 Et
371 3485 390 3538 li
402 3485 492 3539 hostes
503 3484 566 3537 n’en
578 3483 631 3537 fust
645 3482 740 3554 jaious,

329 3570 398 3622 Ainz
407 3586 476 3645 nous
485 3568 586 3622 laissast
600 3579 694 3622 sovent
707 3579 770 3620 touz
781 3584 853 3633 sous,

328 3655 369 3709 Ne
378 3654 461 3707 seroie
475 3669 520 3723 pas
533 3652 645 3706 envious

327 3739 368 3791 De
381 3736 556 3791 chevauchier
566 3747 609 3789 toz
624 3736 785 3807 besoignous

329 3822 413 3892 Apres
425 3821 542 3874 mauvais
558 3820 645 3890 prince
657 3819 822 3890 angoissous.
846 3839 860 3868 u

145 3973 153 4000 1
177 3958 269 4011 Matiarr.
284 3957 371 4013 Joanroy
384 3957 409 3996 td
423 3955 484 3996 tidem
499 3956 572 3997 codicis
587 3955 680 4008 scripsit:
696 3968 744 4006 mat,
755 3953 802 4006 larr.
817 3953 849 3993 De
863 3952 937 4006 quibus
950 3950 1059 4004 vocabulis,
1070 3952 1124 3991 miris
1139 3952 1233 4004 quidem,

116 4028 166 4068 dixit
179 4043 184 4067 ι
201 4027 249 4080 «Je
262 4038 288 4065 ne
303 4024 422 4078 comprends
435 4036 470 4077 pas
485 4035 508 4063 ce
521 4032 579 4062 mot:
594 4035 642 4061 mas.
652 4021 723 4061 Est-ce
734 4021 803 4074 mgis,
816 4032 844 4059 ou
852 4029 909 4059 notre
922 4028 966 4059 mot
978 4025 1024 4059 mets
1036 4031 1064 4058 ou
1075 4030 1148 4058 encore
1157 4017 1177 4057 le
1187 4029 1233 4059 mot

116 4095 174 4144 mair,
185 4104 225 4145 que
234 4090 337 4144 Godefroy
346 4091 385 4131 cite
396 4102 442 4130 sens
451 4088 469 4129 ie
479 4089 568 4129 traduire
581 4097 602 4128 et
615 4088 650 4140 qui
662 4088 725 4141 paruit
735 4085 823 4140 signifier
830 4085 916 4140 paiste?
928 4101 938 4123 a
956 4107 982 4116 -
995 4085 1040 4125 imo
1054 4082 1143 4138 intellige
1155 4101 1159 4124 :
1177 4097 1232 4123 mas·

117 4161 165 4214 iura,
176 4158 249 4200 scilicet
260 4176 264 4200 :
275 4165 345 4198 anates.

19 4426 188 4680 κ
