2782 4980
606 424 780 492 ,25..

176 545 272 633 Ergo,
290 567 381 613 amor
398 544 563 614 inclinatio
578 564 631 619 ,est
649 569 712 636 qua
732 545 771 614 ad
787 546 870 615 bona
886 563 1000 636 sponte
1025 564 1132 614 nostra
1155 544 1247 612 indu·

132 660 248 727 cimus.
271 660 364 737 Quae
382 683 456 728 cum
475 663 518 728 ita
537 663 614 744 sint,
636 680 671 730 ut
693 661 782 729 nulla
801 661 924 729 femina
942 659 1106 750 diligenda
1121 678 1168 728 est
1187 661 1249 727 nisi

132 797 281 842 amorem
301 776 429 856 meruit,
446 776 492 842 sic
508 795 617 844 mutua
636 776 705 865 lege
726 776 834 845 nullus
853 798 964 843 amans
984 798 1091 843 rursus
1113 774 1252 864 diligen·

134 889 207 971 dus,
229 890 290 956 nisi
311 888 390 956 bene
409 891 553 957 meritus.
575 892 718 958 Domina
737 892 826 958 enim
841 915 908 960 non
927 889 1021 959 bruto
1035 907 1068 958 et
1079 889 1249 958 luxurioso

133 1002 295 1093 cupidinis
319 1001 431 1073 ardore
457 1000 497 1071 ad
521 1022 551 1072 te
570 1006 711 1094 rapietur
737 1031 744 1072 :
776 1023 813 1073 ut
836 1003 925 1073 nullo
952 1004 1148 1074 immutabili
1182 1002 1250 1071 fato

134 1137 265 1186 coactus
286 1116 326 1186 ad
349 1116 439 1185 illam
464 1141 610 1209 praeceps
631 1117 748 1202 abiisti,
773 1121 818 1187 sic
844 1118 927 1187 nolis
955 1120 1159 1207 repentinum
1182 1141 1251 1187 cae-

135 1256 273 1322 cumque
302 1235 404 1300 animi
428 1235 587 1324 impetum
614 1257 761 1322 sperare,.
783 1257 848 1322 quo
868 1233 1008 1323 impulsa
1035 1235 1069 1301 in
1095 1232 1252 1301 ditionem

134 1367 223 1416 tuam
242 1346 417 1436 subigatur,
444 1350 518 1436 quia
538 1346 670 1437 pulcher
696 1372 730 1416 es
755 1369 785 1416 et
806 1373 905 1417 amas.
931 1350 1037 1416 Amor
1060 1347 1120 1417 tibi
1149 1349 1253 1437 pretio

135 1461 387 1552 comparandus;
408 1486 500 1530 amor
523 1465 647 1531 meritis
667 1487 724 1553 par
740 1482 820 1532 esto.
838 1462 929 1541 Quid
947 1482 1017 1532 tum
1041 1462 1140 1531 inde?
1157 1462 1253 1531 Scili-

136 1598 185 1646 cet
199 1601 289 1646 amor
308 1577 380 1646 fons
400 1579 573 1661 virtutum;
595 1602 687 1646 amor
709 1580 809 1647 vitam
827 1577 977 1647 honestat
999 1603 1006 1646 :
1038 1603 1054 1640 «
1077 1580 1187 1647 Nemo
1211 1575 1252 1645 de

136 1691 300 1781 dignitatis
318 1691 419 1781 gradu
437 1691 603 1761 demoveri
622 1711 739 1782 potest,
753 1691 809 1761 ubi
829 1713 931 1778 amat3
954 1715 1020 1781 quo
1040 1694 1144 1781 magis
1163 1715 1252 1762 ama-

136 1806 194 1887 bit,
215 1830 255 1875 eo
275 1807 392 1875 melior
415 1806 505 1876 fiet¹.
525 1833 541 1870 »

182 1925 286 1991 Amor
308 1922 475 1991 hominem
503 1947 520 1990 e
548 1923 668 1991 rustico
693 1924 728 1990 in
752 1922 910 1991 urbanum
934 1923 1138 2005 convertit23
1165 1945 1255 1991 amor

137 2036 255 2107 arbiter
269 2038 509 2126 elegantiarum,
527 2039 679 2126 magister
693 2039 866 2120 comitatis,
879 2036 1127 2118 munditiarum,
1141 2036 1216 2105 fidei
1226 2050 1252 2120 33

137 2174 248 2219 amore
268 2151 306 2219 ad
326 2151 487 2220 honorem
501 2154 575 2236 itur,
597 2176 656 2220 nec
670 2152 757 2220 ullus
776 2175 852 2222 vera
863 2154 1083 2221 aestimatione
1102 2151 1254 2241 perpendi

137 2285 253 2356 potest,
275 2269 337 2335 nisi
357 2269 444 2356 prius
458 2266 496 2335 ab
515 2269 638 2335 Amore
656 2265 861 2336 domitatus4.
882 2267 939 2335 Ille
956 2266 1093 2335 militem
1115 2266 1251 2357 perficit,

177 2476 201 2516 1.
363 2461 451 2515 Haute
462 2461 617 2514 choseaen
628 2476 721 2514 amor:

351 2545 417 2599 Bien
430 2543 456 2598 la
465 2544 523 2599 doit
535 2544 629 2616 garder
640 2544 667 2597 ki
678 2544 729 2598 l'al

351 2629 393 2682 Ne
406 2640 470 2700 puet
484 2627 563 2682 faillir
576 2645 592 2681 a
603 2628 692 2682 honor

352 2713 414 2766 Fins
426 2727 501 2766 euers
515 2729 551 2766 ou
566 2711 617 2766 elle
630 2728 700 2766 sera.

352 2796 387 2849 Ki
400 2795 459 2868 plus
473 2797 552 2862 aime,
570 2794 629 2867 plus
643 2807 728 2849 metra

390 2929 393 2934 .
406 2878 532 2933 Trestout
544 2895 595 2933 son
605 2879 673 2933 desit

407 2963 448 3016 En
459 2963 514 3017 bon
528 2963 645 3017 devenit.

619 3046 816 3116 (Ghislebertus
826 3046 859 3101 de
870 3047 1025 3114 Bernevilla,
1039 3047 1155 3114 Scheler1,
1169 3066 1195 3120 p.
1213 3048 1260 3118 83)

364 3145 496 3198 Amors...
510 3160 558 3198 vos
572 3143 646 3198 faites
659 3161 705 3214 par
717 3145 830 3199 estavoir

352 3228 402 3283 Les
415 3228 509 3282 vilains
523 3229 621 3282 cortois
633 3227 750 3282 devenir.

666 3312 821 3381 (Matthaeus
835 3310 868 3364 de
880 3309 1021 3378 Gandavo,
1036 3311 1149 3376 Schelar1,
1165 3311 1205 3380 3.)

366 3409 419 3464 Car
432 3409 566 3464 d'Amour
578 3426 594 3463 a
606 3409 749 3463 maintenir

355 3495 431 3548 NaIst
439 3492 508 3547 solas
522 3506 547 3547 et
561 3493 674 3559 druerie,

355 3579 388 3632 Et
400 3577 554 3649 quanqu'on
567 3588 631 3648 puet
643 3575 758 3631 accoillir

462 3661 503 3714 De
517 3661 648 3716 cortoisie.

993 3728 1096 3801 (Arab,
1108 3728 1206 3798 LXII.)

368 3802 493 3856 D'amors
504 3802 578 3855 vient
585 3802 638 3874 joie
646 3814 672 3856 et
679 3801 767 3856 honor
779 3800 921 3867 ausiment,

355 3887 397 3940 Ne
411 3884 471 3939 nuls
483 3901 517 3938 ne
529 3897 592 3956 puet
605 3885 679 3938 avoir
690 3885 866 3940 entierement

355 3970 416 4024 Prix
433 3985 467 4023 ne
482 3967 564 4035 valor,
578 3969 677 4023 s'amor
692 3985 725 4022 ne
739 3968 764 4023 le
777 3969 876 4041 jostise.

910 4049 1012 4122 (Arcla,
1027 4049 1207 4119 CXXXVII.)
