2782 4980
631 383 828 430 -120-

417 503 479 570 Car
492 502 581 588 j'aim
596 500 676 570 molt
690 502 919 584 triboumartel,
956 527 960 533 ·

416 616 504 683 Bruit
522 635 554 682 et
572 615 708 703 bernage
727 636 758 684 et
777 613 920 697 baudor3

418 730 457 797 Et
471 746 569 817 quant
581 731 609 816 je
624 731 674 798 sui
690 753 729 797 en
744 728 861 797 chastel

417 842 507 910 Plain
526 841 565 910 de
580 844 643 930 joie
657 861 689 910 et
703 842 742 911 de
757 842 854 926 revel,

418 960 463 1025 La
480 958 566 1026 vueil
586 975 666 1025 estre
685 975 717 1025 et
735 959 806 1024 nuit
824 975 855 1025 et
874 961 933 1044 jor.

420 1068 636 1140 Triboudaine
651 1087 682 1139 et
697 1067 876 1139 triboudel!
953 1072 957 1080 ’

421 1187 510 1254 Deus
528 1183 688 1253 confonde
705 1183 734 1252 le
753 1183 856 1252 musel

420 1299 489 1377 Qui
506 1297 622 1366 n'aime
638 1301 700 1386 joie
718 1318 749 1367 et
768 1297 909 1368 baudor!

713 1424 758 1512 :ss

422 1528 472 1593 De
486 1543 552 1594 tote
566 1526 628 1613 joie
644 1523 738 1593 m'est
751 1524 814 1608 bel,

422 1642 461 1708 Et
479 1658 578 1729 quant
597 1640 652 1727 j'oi
667 1639 696 1708 le
710 1639 819 1709 fliutel

422 1755 524 1823 Soner
541 1776 616 1822 avec
634 1752 663 1820 la
681 1752 783 1835 tabor,

425 1866 623 1936 Damoiseles
640 1885 671 1934 et
685 1865 800 1935 donzel

426 1981 588 2051 Chantent
607 1999 638 2048 et
656 1980 726 2049 font
744 1999 836 2069 grant
855 1980 952 2064 revel,

427 2093 593 2163 Chascuns
608 2118 626 2162 a
641 2092 753 2185 chapel
769 2092 808 2161 de
824 2093 896 2176 flor,
922 2132 929 2145 ι

425 2211 463 2276 Et
477 2206 612 2278 verdure
631 2226 663 2275 et
681 2206 822 2277 broutels

425 2324 465 2390 Et
482 2321 504 2388 li
524 2320 604 2391 dous
623 2320 721 2390 chans
740 2321 795 2390 des
814 2320 908 2389 oisels

428 2437 483 2504 Me
502 2454 602 2504 remet
620 2459 661 2503 en
678 2452 769 2524 grant
788 2433 919 2503 baudor.

221 2625 255 2678 V.
275 2640 298 2692 5,
311 2643 353 2679 car
365 2627 418 2679 iam
431 2626 498 2681 molt
511 2625 580 2680 tribu
593 2625 695 2680 martel.
711 2655 744 2666 -
756 2625 791 2678 V.
808 2623 835 2691 6,
850 2624 911 2678 brut
923 2637 948 2678 et
965 2625 1097 2696 bernaige.
1108 2653 1143 2663 —-
1152 2622 1185 2676 V.
1203 2639 1228 2692 7,
1242 2625 1297 2677 suis

187 2723 220 2761 en
232 2707 349 2762 chaistel.
364 2737 396 2749 -
411 2709 445 2762 V.
462 2709 488 2774 8,
504 2708 580 2762 riuel.
596 2736 632 2749 -
645 2708 679 2761 V.
695 2725 722 2781 9,
738 2706 773 2760 lai
785 2708 847 2762 ueul
860 2719 935 2761 estre.
951 2737 985 2748 -
1000 2708 1035 2761 V.
1054 2723 1095 2772 12,
1111 2706 1137 2759 ki
1150 2707 1247 2759 naime.
1264 2737 1298 2746 -

91 2850 95 2858 ,
187 2791 221 2845 V.
247 2808 288 2862 13,
303 2804 387 2846 toute.
407 2822 443 2831 —
460 2792 495 2845 V.
513 2804 555 2856 14,
575 2790 620 2846 lou
634 2790 764 2846 flaihutel.
779 2821 814 2830 -
832 2789 866 2844 V.
891 2806 932 2858 15,
948 2791 1035 2844 soneir
1049 2804 1139 2843 aueuc.
1155 2819 1188 2829 -
1203 2790 1237 2843 V.
1256 2788 1297 2855 16,

187 2873 405 2928 damoiselles.—
417 2874 451 2927 V.
469 2888 509 2943 17,
525 2873 600 2928 riuel.
616 2904 649 2915 -
661 2873 695 2926 V.
713 2873 755 2940 18,
769 2873 804 2927 ait
815 2873 917 2944 chaipel
931 2873 964 2927 de
975 2873 1053 2926 flour.
1067 2904 1100 2912 —
1113 2872 1146 2924 V.
1166 2888 1207 2943 19,
1222 2873 1299 2926 brou·

187 2957 255 3013 delz.
272 2987 304 2998 -
319 2957 353 3011 V.
369 2973 413 3024 20,
431 2957 541 3012 douls...
556 2957 649 3012 oixels.
665 2989 698 2998 -
715 2957 749 3011 V.
767 2973 811 3023 21,
827 2956 936 3012 badour.

181 3200 184 3204 μ
221 3137 255 3188 V.
268 3135 325 3203 5-6.
334 3167 368 3177 —
378 3137 447 3191 Iniis
454 3138 539 3192 verbis
551 3139 619 3191 tribu
630 3136 718 3190 martel
726 3138 784 3190 brut
794 3138 912 3207 bernaigc,
922 3137 1036 3191 aestuavi
1043 3136 1143 3191 infelix.
1154 3136 1217 3190 Fere
1228 3137 1300 3190 idem

187 3219 278 3272 omnia
293 3220 349 3272 sine
366 3219 447 3274 dubio
465 3219 564 3286 valent,
583 3232 675 3291 utpote
689 3237 757 3292 quae
775 3221 866 3274 omnia
880 3221 923 3289 (ut
937 3220 1041 3289 baudor)
1058 3220 1159 3273 laetum
1176 3218 1301 3273 feriarum

188 3302 336 3356 tumultum
354 3303 502 3374 designent.
523 3302 673 3357 Verborum
696 3303 805 3375 quidem
828 3305 894 3369 brut,
918 3304 1037 3372 bernaige,
1058 3302 1128 3356 haud
1148 3301 1301 3355 difficillime

188 3386 321 3440 rationem
334 3385 426 3440 reddas
442 3386 516 3456 (vide
533 3403 620 3457 supra,
639 3386 699 3451 VII,
718 3401 762 3452 22,
778 3386 798 3438 il
810 3387 873 3438 aime
888 3385 957 3439 bruit
971 3394 992 3438 et
1004 3386 1118 3449 butinam
1135 3415 1168 3424 —
1183 3383 1216 3437 cs.
1242 3385 1299 3454 Voy.

188 3470 216 3522 de
230 3469 319 3523 Charl.
334 3471 350 3522 ὰ
362 3469 507 3536 Jerusalem,
521 3487 547 3522 v.
565 3485 614 3538 205
635 3488 642 3523 ι
658 3470 715 3523 Hui
730 3470 823 3522 devuns
829 3469 899 3541 faire
913 3470 985 3541 feste,
999 3468 1113 3539 barnage
1128 3475 1150 3520 el
1159 3475 1238 3537 grant
1251 3468 1301 3520 des-

183 3554 270 3623 port);
297 3552 425 3606 vocabula
441 3564 532 3607 autem
553 3553 620 3606 tribu
646 3552 734 3606 martel
758 3551 835 3605 nullo
854 3551 936 3606 modo
954 3550 1080 3622 explicare
1106 3552 1189 3621 potui.
1209 3581 1242 3591 —
1257 3552 1301 3604 An

188 3634 280 3688 trihoul
302 3634 467 3706 legendum?
481 3634 527 3704 (cf.
544 3635 581 3689 La
591 3643 657 3690 mort
672 3636 774 3705 Aimery
792 3635 820 3688 de
833 3635 976 3700 Narbonae,
989 3652 1015 3687 v.
1040 3648 1105 3699 1242
1120 3652 1126 3686 ε
1145 3633 1182 3687 La
1195 3635 1301 3688 veissiez

115 3708 118 3713 ’
188 3735 226 3771 un
240 3717 395 3772 communel
409 3717 531 3788 triboul).
549 3718 669 3774 Fortasse
680 3719 752 3773 idem
766 3718 856 3773 valent
868 3716 1036 3771 triboumartel
1050 3729 1076 3771 et
1086 3715 1211 3770 triboudel.

171 3863 175 3869 ,
220 3800 254 3855 V.
274 3801 306 3856 16
320 3819 326 3854 :
342 3801 429 3872 Supple
443 3819 449 3854 :
463 3801 501 3871 [et
517 3802 580 3872 que]
593 3801 752 3856 damoiseles
767 3814 793 3856 et
807 3801 902 3855 donzel
914 3801 1075 3856 chantent...

223 3885 257 3936 V.
275 3901 316 3957 19,
329 3884 573 3938 broutdszsilvula
582 3883 629 3954 (cf.
641 3885 777 3952 brotteaux,
790 3884 882 3955 brout).
900 3884 975 3941 Hanc
987 3883 1103 3943 formam
1117 3882 1219 3938 formae
1231 3882 1302 3937 brou-

188 3966 248 4039 delr,
266 3968 371 4039 quaein
384 3984 434 4022 rns.
451 3967 556 4040 legitur,
572 3967 692 4044 praetuli.
