2782 4980
531 415 709 482 ..29..

104 536 173 614 Qui
194 533 344 603 dolorem
365 558 431 603 non
456 534 589 603 libenter
619 537 735 625 excipit
755 559 920 626 nunquam
939 559 1047 605 amare
1073 557 1173 605 curet.

57 652 127 729 Qui
151 651 235 718 mala
254 649 292 718 ab
316 652 439 718 Amore
455 652 592 738 irrogata
609 674 674 719 non
689 650 805 720 tolerat
821 676 887 720 non
913 652 1028 741 dignus
1052 671 1099 721 est
1123 654 1179 743 qui

59 765 155 835 bonis
168 764 206 833 ab
220 768 342 833 Amore
356 767 513 833 concessis
528 765 650 834 fruatur
663 779 685 832 ¹.
704 767 772 845 Qui
788 790 854 834 non
867 765 948 834 adeo
959 786 1007 835 est
1018 764 1120 834 audax
1138 785 1173 836 ut
1225 762 1227 766 ’

60 903 217 970 angorem
241 903 492 970 quemcumque,
520 903 743 970 quoscumque
762 882 864 949 animi
883 881 1043 950 cruciatus
1061 881 1179 950 exhau-

59 997 132 1078 riat,
155 1018 300 1063 amorem
315 995 468 1063 mentitus
484 1007 562 1062 est².
578 996 662 1077 Imo‚
681 996 707 1062 si
726 997 809 1085 quia,
831 995 959 1064 nullum
979 997 1065 1085 prius
1087 1020 1177 1066 moe·

60 1133 168 1178 rorem
193 1133 372 1200 perpessus,
399 1112 432 1176 in
458 1113 593 1199 gratiam
616 1129 646 1178 et
679 1110 822 1179 favorem
858 1108 1012 1179 dominae
1040 1114 1177 1195 venerit,

61 1225 258 1314 voluptatem
283 1223 417 1313 quidem
443 1225 636 1312 experietur,
667 1249 734 1293 non
765 1243 875 1294 autem
902 1247 1067 1310 amorem;
1098 1244 1129 1295 et
1154 1228 1181 1294 si

62 1339 145 1408 forte
168 1340 302 1407 numina
320 1341 444 1407 sincero
467 1343 602 1408 amatori
623 1339 836 1409 concederent
862 1359 896 1408 ut
922 1340 1012 1410 nullo
1035 1365 1181 1431 unquam

63 1450 173 1521 dolore
193 1452 396 1541 affligeretur,
411 1451 473 1520 hoc
486 1452 610 1521 exitiale
625 1453 748 1521 donum
766 1474 928 1544 respueret
943 1480 950 1522 ι
966 1478 1042 1522 narn
1056 1454 1179 1538 dolore,

63 1585 177 1657 utpote
192 1566 385 1635 ineluctabili
402 1568 465 1650 via,
484 1566 523 1636 ad
535 1592 681 1637 amorem
699 1569 789 1637 ituo.

103 1803 126 1843 1.
148 1787 205 1842 Hos
218 1785 353 1841 nonnulos
367 1804 466 1854 versus,
480 1789 549 1843 Inter
560 1800 600 1843 tot
612 1788 730 1843 carmina
742 1788 908 1860 desumptos,
922 1790 1008 1862 accipe
1023 1808 1030 1844 ε

279 1871 334 1933 Qui
347 1870 415 1926 n’est
429 1871 559 1927 souffrans
573 1884 599 1926 et
611 1872 737 1927 d’estable
751 1889 846 1946 corage

279 1954 302 2009 Il
315 1972 349 2008 ne
363 1972 391 2010 se
401 1954 456 2010 doit
470 1967 640 2011 entremettre
652 1956 764 2011 d’amer.

279 2038 333 2093 Car
344 2056 403 2093 cors
415 2056 449 2093 ne
463 2052 526 2111 puet
537 2057 572 2094 en
584 2057 679 2095 amour
691 2040 820 2112 pourfiter

281 2122 336 2185 Qui
350 2135 389 2177 est
403 2125 599 2196 acompaignies
611 2141 627 2178 a
637 2141 700 2178 cuer
714 2124 819 2196 volage.

939 2195 1053 2266 (Adam,
1068 2197 1131 2267 IV.)

279 2279 334 2332 Hel
347 2277 400 2333 lasl
416 2277 435 2332 il
447 2278 514 2332 n'est
528 2279 596 2333 mais
607 2295 658 2332 nus
670 2279 716 2350 qui
728 2279 784 2334 aint

280 2363 392 2417 Ainsinc
403 2362 464 2417 c'on
478 2363 597 2417 deveroit
616 2364 702 2417 amerl

181 2506 183 2510 ¹
281 2446 419 2500 Chascuns
433 2463 527 2500 amanz
539 2446 674 2502 orendroit
686 2445 761 2501 faint.

280 2531 314 2584 Et
324 2542 389 2584 veut
400 2531 451 2602 joir
463 2547 524 2584 sans
538 2530 661 2587 enduter.

959 2602 1071 2673 (Adam,
1082 2604 1132 2674 V.)

280 2697 355 2753 N'est
369 2715 415 2771 pas
428 2699 500 2752 droiz
516 2698 640 2754 d’Arnors
654 2716 705 2770 que
717 2698 755 2752 les
766 2698 840 2753 biens
853 2715 885 2752 en
900 2711 974 2754 sente

282 2780 325 2836 Cil
337 2781 363 2835 ki
378 2781 416 2835 les
429 2781 506 2837 douls
520 2781 587 2836 mals
599 2781 663 2836 n'en
674 2794 738 2837 veut
750 2783 890 2836 soustenIr.

104 2935 503 3004 cf.Arcttv,va111,xcu,
518 2947 591 2991 etc...
787 2866 1130 2938 (Gace,Arcnv‚xxffl‚)

104 3048 131 3088 2.
151 3033 251 3100 Adam,
266 3033 367 3099 XXIV,
382 3052 408 3105 p.
424 3049 468 3105 94.

104 3144 130 3202 3.
292 3133 323 3203 Je
335 3147 369 3184 ne
382 3131 435 3184 cuit
447 3146 493 3202 pas
504 3146 557 3200 que
571 3128 632 3183 nuls
643 3134 713 3200 polst
722 3129 797 3184 avoir

278 3213 337 3285 Joie
350 3212 461 3280 d'amor,
476 3212 517 3267 s’il
529 3212 590 3266 n'en
603 3225 661 3266 sent
675 3211 700 3265 la
714 3212 811 3269 dolor„

280 3298 412 3352 Premiers
424 3298 551 3351 convient
564 3295 615 3350 leal
628 3297 683 3350 ami
694 3296 780 3351 doloir

281 3379 383 3448 Ancois
397 3380 463 3452 qu'il
475 3379 540 3434 n'ait
552 3379 615 3434 nule
626 3381 680 3451 joie
692 3380 806 3436 d’arnor.
1046 3426 1048 3430 Α

561 3463 665 3533 (Gualr.
682 3463 782 3535 d'Esp.,
799 3463 886 3532 Brak„
903 3463 1007 3531 Chann,
1018 3465 1133 3538 XXIII)

283 3560 355 3625 Bele‚
370 3577 473 3632 onques
486 3560 552 3615 n’est
563 3561 681 3615 amenrie

283 3645 330 3698 Ma
344 3644 431 3715 peine,
445 3661 480 3699 ne
494 3645 609 3699 amenrir

284 3727 325 3782 Ne
339 3726 364 3781 la
375 3726 503 3782 voudroie
518 3730 542 3800 je
556 3729 620 3782 mie.

284 3811 335 3866 Car
344 3829 379 3867 ne
392 3810 448 3866 doit
462 3812 587 3866 d'Amors
600 3813 650 3884 joi'r

283 3897 339 3961 Qui
353 3897 417 3952 n'en
429 3909 492 3951 veut
505 3897 544 3950 les
558 3913 633 3950 maus
650 3894 746 3950 soufrir

389 3980 459 4035 Molt
472 3980 591 4034 liement.

670 4049 816 4122 (Johannes
825 4050 922 4116 Bretel,
935 4051 1060 4122 Mdtzner,
1076 4053 1137 4122 40.)
