2782 4980
144 521 265 601 riosas;
293 536 341 587 tot
367 540 566 608 paganorum
592 516 665 586 dico
698 517 792 599 filias,
824 515 1032 604 Maugaliam,
1062 513 1264 597 Anselinam,

144 634 329 715 Galienam,
354 635 520 721 repentino
546 630 680 721 feroque
703 630 952 700 christianorum
981 629 1124 699 militum
1156 653 1265 697 amore

144 747 390 838 depereunres1.
416 748 496 815 Ecce
524 765 632 814 autern
657 744 775 829 subito,
807 747 872 833 jam
900 765 1036 813 exeunte
1070 741 1264 811 duodecimo

143 862 285 947 saeculo,
304 863 419 930 leniter
433 863 542 951 spirat,
564 886 582 929 a
600 864 768 930 Provincia
791 880 873 944 orta,
895 885 970 929 aura
989 859 1145 943 amabilis,
1172 859 1264 929 urba·

146 1118 162 1155 (ε
184 1113 320 1181 posuere
339 1090 457 1160 ferocia
476 1089 574 1159 corda
599 1116 615 1151 »
627 1117 637 1175 3
659 1093 722 1178 jam
742 1090 778 1159 fit
800 1092 924 1160 unctior
949 1088 1106 1180 quaedam
1135 1087 1263 1158 dicendi

143 1203 366 1296 sentiendique
385 1206 605 1290 consuetud03
626 1208 775 1274 comitate
791 1206 906 1290 limati,
928 1203 1130 1275 mollitudine
1150 1204 1264 1274 huma·

142 1322 250 1390 nitatis
285 1319 397 1404 afflati,
433 1320 560 1389 urbanis
596 1319 761 1389 munditiis
794 1345 863 1389 sese
896 1339 1054 1404 exercent,
1091 1322 1263 1389 mitescunt

142 1438 303 1503 immanes
330 1435 376 1503 illi
405 1437 656 1504 Sarracenorum
683 1433 912 1519 debellatores3
943 1459 1002 1503 nec
1036 1434 1095 1504 soli
1121 1435 1203 1504 fiunt
1228 1437 1262 1503 in

141 1548 280 1619 dicendo
297 1551 430 1638 compti,
450 1548 553 1632 nitidi,
575 1551 738 1632 concinni,
760 1551 932 1639 optimates
953 1569 984 1617 et
1006 1551 1166 1639 principes
1185 1552 1263 1617 civi-

141 1683 258 1748 tatum,
274 1663 330 1732 sed
348 1667 408 1753 ipsi
426 1668 459 1733 in
479 1662 639 1733 Picardiae
659 1683 691 1732 et
708 1665 902 1754 Campaniae
921 1664 1052 1733 urbibus
1069 1684 1261 1734 mercatores

140 1799 174 1848 et
193 1778 358 1868 propolae.

185 1895 257 1962 Imo
281 1912 403 1978 autent,
424 1897 532 1984 ecquis
551 1917 618 1962 non
637 1896 788 1983 percipiat
806 1917 904 1985 quam
922 1917 1116 1984 generosum
1135 1892 1260 1984 pulchri

139 2007 305 2098 exemplar
323 2008 383 2077 sibi
399 2007 591 2077 imitandum
611 2027 767 2102 nostrates
785 2007 875 2097 lyrici
893 2010 1142 2098 proposuerint?
1158 2046 1198 2057 -
1216 2011 1261 2077 At

142 2123 242 2205 enim,
263 2123 383 2212 inquis,
405 2123 553 2192 fucosum
572 2142 845 2213 personarumque
866 2112 992 2212 pulchri
1011 2123 1171 2213 exemplar
1192 2142 1224 2191 et
1242 2146 1260 2190 a

138 2238 272 2306 veritate
299 2256 473 2306 remotum.
505 2277 550 2287 -
575 2240 697 2307 Verum
724 2256 794 2307 esto
821 2263 829 2306 z
863 2262 942 2306 num
967 2262 1110 2327 unquam
1137 2237 1259 2306 inulla

138 2353 272 2438 regione
289 2350 379 2440 lyrici
393 2354 581 2421 exstiterunt
595 2371 720 2442 poetae,
737 2348 867 2442 ingenui
880 2373 911 2421 et
925 2351 1065 2436 candidi,
1082 2351 1161 2420 adeo
1176 2354 1255 2420 sim-

138 2465 230 2555 plicis
246 2467 390 2534 veritatis
404 2468 512 2550 amici,
531 2486 566 2536 ut
581 2467 675 2535 nullis
690 2469 855 2536 conventis
870 2469 1012 2536 starent?
1028 2466 1143 2547 Quid?
1159 2468 1192 2536 Si
1207 2468 1258 2536 vel

136 2581 263 2648 rusticis
292 2581 495 2650 cantionibus
518 2606 599 2671 quae
627 2608 643 2645 «
673 2606 729 2671 per
754 2606 811 2650 ora
835 2583 940 2651 virum
970 2608 986 2644 u
1015 2582 1161 2666 volitant,
1190 2606 1258 2650 non

137 2717 244 2763 merus
271 2699 355 2763 inest
384 2697 525 2764 veritatis
551 2696 651 2780 color,
680 2696 736 2765 sed
762 2696 956 2765 artificialis?
985 2699 1095 2766 Primo
1125 2696 1255 2788 quidem

96 2810 100 2819 ’
137 2808 289 2898 adspectu
312 2809 422 2879 credas
446 2811 569 2901 plebeia
590 2813 649 2879 ista
675 2814 826 2896 carmina,
850 2815 1025 2902 agrestium
1043 2811 1255 2882 flosculorum

136 2927 248 3009 instar,
265 2949 323 2994 sua
337 2945 453 3015 sponte
470 2930 535 2996 ruri
549 2930 792 3016 germinavisse,
810 2952 866 2996 sua
879 2949 994 3018 sponte
1011 2931 1201 2998 increvisse:
1219 2953 1256 2997 ea

136 3042 224 3108 enim
236 3061 282 3108 est
298 3042 529 3110 sententiarum
544 3042 690 3131 planitas,
707 3044 734 3110 is
748 3066 903 3111 sensuum
917 3041 1037 3111 candor
1051 3063 1164 3112 utnon
1180 3048 1255 3113 artis

136 3178 206 3223 esse
230 3152 411 3237 videantur,
439 3153 495 3223 sed
514 3175 656 3225 naturae.
686 3160 795 3246 Atqui,
819 3158 973 3246 quoniam
995 3158 1028 3225 in
1052 3157 1102 3223 his
1125 3181 1255 3248 quoque

135 3269 344 3338 cantiunculis
362 3270 488 3338 nullum
502 3291 728 3360 argumentum
744 3272 878 3359 reperire
894 3290 941 3338 est
971 3270 1059 3361 quod
1080 3273 1136 3339 uni
1153 3291 1254 3341 terrae

136 3384 255 3472 angulo
270 3385 450 3467 adhaereat,
465 3387 532 3453 imo
546 3384 634 3476 quod
649 3387 705 3454 uni
720 3385 842 3454 Galliae
857 3388 1051 3474 provinciae,
1069 3389 1137 3456 imo
1158 3392 1253 3456 etiarn

136 3499 224 3585 quod
245 3500 300 3566 uni
324 3500 470 3588 Europae
495 3501 619 3589 regioni
641 3501 681 3568 sit
705 3500 888 3590 religatum,
916 3524 989 3568 cum
1014 3521 1122 3569 autem
1150 3527 1252 3571 unum

173 3718 197 3757 1.
217 3703 290 3758 Inter
300 3717 341 3759 tot
349 3704 446 3760 similia
457 3706 564 3760 heroica
578 3719 710 3778 poemata,
724 3723 755 3760 ea
764 3705 882 3761 conferre
894 3706 981 3762 licebit
996 3709 1093 3779 quibus
1106 3708 1251 3763 inscribun·
1343 3752 1346 3758 ,

134 3798 178 3840 tur
190 3803 197 3840 :
209 3786 249 3840 La
260 3789 331 3843 Prisc
341 3788 471 3860 d'Orengc,
483 3790 623 3855 Fierabras,
640 3790 664 3844 la
676 3791 833 3845 Destrtution
843 3791 871 3844 de
880 3792 962 3856 Roma,
973 3792 1028 3844 Elia
1037 3793 1065 3844 de
1076 3791 1150 3845 Saint
1162 3792 1250 3860 Gilles,

132 3869 166 3922 les
179 3870 310 3941 infantes
333 3871 418 3943 Ogier,
441 3873 472 3928 les
494 3874 617 3938 Ensances
639 3874 791 3940 Guillaume,
814 3876 919 3941 Mainet,
942 3875 1070 3942 Ploovant,
1092 3875 1249 3947 Aspremont,

133 3952 234 4007 Ernaut
248 3955 277 4008 de
289 3955 437 4022 Beaulande,
454 3958 541 4014 Renier
554 3957 582 4011 de
597 3958 684 4025 Gdnes,
704 3959 741 4013 La
757 3959 827 4012 Prisc
844 3961 873 4012 de
892 3958 1031 4027 Barlastre,
1051 3959 1130 4014 Huon
1147 3960 1176 4013 da
1190 3961 1251 4014 Bor·

132 4036 222 4105 daux,
237 4051 310 4094 etc...
