2782 4980
679 395 724 407 ..
747 381 769 445 4
792 398 835 408 -

201 520 329 564 carmen
351 522 455 567 unum
476 523 494 566 a
516 500 621 589 Parny
640 503 858 588 compositum
883 502 1008 587 referat,
1033 529 1137 573 unum
1159 531 1177 574 a
1198 510 1320 596 Bertin‚

202 635 305 678 unum
324 636 342 680 a
361 612 487 695 Grestet,
509 638 612 681 unum
635 639 652 681 a
675 615 852 700 Colardeau,
877 642 980 685 unum
1002 642 1020 685 a
1040 621 1192 704 Grecourt,
1215 649 1324 694 unum

201 750 218 792 a
232 714 413 808 Malfildtre,
429 752 560 797 unuma
573 729 725 818 Boufflers‚
738 754 845 798 nonne
856 733 994 800 similem
1008 758 1181 825 paremque
1191 739 1324 809 vultum

200 841 337 909 referent
349 843 411 925 isti,
423 844 552 932 cognati
562 844 707 932 quidem,
720 844 834 913 diversi
845 864 954 915 tamen
966 852 1103 938 poetae?
1116 853 1160 919 Ut
1171 855 1324 942 exempla

200 979 311 1046 pauca,
339 955 395 1022 sed
419 979 491 1022 mea
518 955 651 1044 quidem
677 959 832 1027 sententia
856 964 974 1047 gravia,
1003 962 1177 1047 conferam,
1201 989 1218 1032 e
1248 967 1319 1036 duo

200 1089 232 1138 et
242 1072 370 1160 triginta
381 1069 573 1138 carminibus
588 1094 670 1159 quae
686 1071 778 1140 nobis
794 1072 832 1140 ab
847 1078 965 1143 eximio
980 1096 1072 1166 poeta
1088 1078 1276 1148 Guilhelmo
1292 1083 1321 1149 Ie

205 1187 235 1253 V
232 1188 308 1254 inier
319 1183 433 1254 tradita
443 1203 529 1266 sunt,
544 1204 667 1274 septem
677 1206 730 1255 aut
740 1206 814 1255 octo
824 1189 911 1257 solus
924 1191 1184 1261 Brakelmannius
1197 1193 1316 1280 edidit;

202 1320 233 1370 et
252 1305 296 1370 ita
319 1299 418 1369 edidit
444 1319 480 1369 ut
500 1324 536 1369 ea
555 1302 760 1370 commodius
780 1303 993 1395 libentiusque
1015 1309 1048 1374 in
1070 1310 1139 1397 ipso
1164 1311 1321 1379 Bernensi

200 1417 309 1486 codice
345 1416 478 1506 legeres.
513 1416 694 1484 Theobaldi
729 1418 924 1506 Campaniae
953 1423 1092 1505 comitis,
1128 1447 1318 1514 quanquam

200 1531 397 1600 celeberrimi
425 1533 525 1600 totius
553 1530 680 1599 scholae
706 1552 831 1620 poetae,
858 1534 947 1602 nulla
978 1555 1079 1605 exstat
1109 1538 1206 1606 editio
1234 1564 1319 1628 quae

201 1670 324 1714 meram
338 1646 593 1714 mediocritatem
609 1670 674 1713 non
689 1646 842 1715 redoleat.
864 1648 1021 1734 Johannis
1040 1651 1151 1719 Erardi
1169 1656 1319 1744 quinque

202 1781 233 1831 et
264 1763 402 1849 vinginti
432 1761 591 1842 carmina,
621 1762 707 1829 Petri
736 1759 935 1850 d'Angecourt
967 1767 1096 1853 triginta
1132 1785 1164 1834 et
1190 1792 1315 1852 unum,

199 1878 317 1944 Moniot
339 1873 557 1954 Atrebatensis
571 1875 716 1964 quinque
736 1893 767 1943 et
782 1878 1014 1967 quinquaginta
1038 1882 1209 1948 exstitere:
1233 1907 1319 1971 quae

198 1993 270 2080 quis
293 2012 437 2079 unquam
467 1987 564 2078 legit?
587 1988 670 2066 Quis
697 1988 758 2056 fuit
784 1989 942 2058 Iohannes
966 1991 1020 2059 ille
1046 1993 1202 2061 Erardus?
1232 1997 1319 2074 Quis

199 2107 309 2173 Petrus
326 2104 546 2190 d'Angecourt?
565 2103 648 2180 Quis
668 2103 786 2170 Moniot
805 2103 1043 2174 Atrebatensis?
1066 2110 1146 2176 Sunt
1165 2112 1315 2195 nomina,

201 2239 424 2310 praetereaque
445 2216 536 2284 nihil.

243 2337 354 2423 Itaque
377 2331 481 2422 (cum,
509 2330 664 2399 hodierna
691 2332 755 2415 die,
776 2333 1086 2403 studiosissimorum
1113 2337 1315 2408 eruditorum

199 2473 345 2531 munere,
362 2450 419 2538 qui
438 2446 562 2514 codices
580 2469 694 2514 omnes
714 2471 817 2537 nuper
836 2448 1103 2539 descripserunt1,
1119 2454 1170 2520 via
1181 2453 1316 2522 tandem

197 2565 291 2635 nobis
307 2564 429 2632 facilior
447 2561 609 2651 munitur)
629 2562 822 2630 ineluctabili
844 2562 944 2631 modo
965 2567 1059 2633 instat
1075 2585 1111 2634 ut
1125 2568 1222 2634 medii
1246 2574 1317 2639 aevi

197 2683 371 2770 lyricorum
403 2678 559 2746 editiones
591 2701 690 2767 quam
717 2676 872 2765 plurimae
900 2679 934 2745 in
962 2679 1067 2747 lucem
1098 2682 1312 2769 proferantur.

196 2798 295 2864 Instat
313 2812 361 2877 ut,
382 2796 416 2860 in
434 2815 626 2882 unaquaque
645 2791 797 2876 editione,
824 2795 933 2860 stricto
957 2794 1197 2884 philologorum
1219 2821 1314 2867 more

195 2911 416 2980 discernamus
430 2931 512 2997 quae
531 2909 674 2974 carmina
693 2908 822 2989 merit0,
844 2931 926 2996 quae
943 2910 1104 2978 immerito
1126 2910 1201 2979 huic
1216 2931 1314 3002 atque

194 3026 242 3094 illi
272 3026 396 3093 auctori
431 3021 586 3110 adscripta
620 3023 695 3104 sint,
733 3045 798 3110 quo
827 3040 989 3110 tempore,
1024 3025 1058 3091 in
1086 3049 1149 3114 qua
1177 3029 1313 3114 regione

194 3143 416 3230 unusquisque
431 3155 524 3226 poeta
543 3137 667 3203 vixerit.
688 3137 787 3205 Instat
809 3155 844 3203 ut
861 3158 1112 3206 monumentum
1134 3164 1151 3206 a
1174 3140 1313 3211 Paulino

195 3257 283 3324 Paris
308 3273 453 3321 exactum
475 3250 724 3318 substruamus2.
750 3250 849 3327 Quod
872 3274 989 3319 munus
1007 3253 1147 3322 Nicoloo
1164 3257 1310 3341 Museto,

194 3375 283 3458 cujus
292 3370 432 3438 carmina
445 3365 483 3434 ad
496 3367 576 3434 hanc
587 3365 672 3433 dlem
689 3390 789 3454 usque
799 3364 918 3433 inedita
930 3370 1000 3456 jure
1015 3367 1122 3436 haberi
1138 3391 1273 3458 possunt
1284 3385 1309 3459 ³,

193 3511 251 3576 pro
267 3484 384 3554 viribus
404 3485 484 3550 meis
499 3483 649 3571 praestiti.

229 3684 252 3722 1.
274 3666 308 3720 G.
324 3663 462 3736 Raynaud,
476 3661 655 3732 Bibliographr'e
668 3659 1009 3730 deschansonnurssratuais.
1021 3693 1055 3701 -
1066 3662 1189 3731 Schwan,
1206 3665 1244 3717 die
1254 3667 1308 3738 afq,

191 3753 466 3822 Liederbandschristen,
484 3749 535 3804 188
535 3765 562 3817 5.

228 3857 253 3894 2.
275 3839 386 3892 Histoire
398 3837 517 3888 litteraire
523 3835 551 3886 de
563 3835 587 3887 la
600 3833 704 3898 Franco,
720 3845 739 3887 t.
755 3833 853 3886 XXIII.

230 3940 253 3995 3.
273 3922 364 3977 Nostri
386 3921 493 3991 quidem
512 3930 605 3989 poetae
619 3918 736 3971 carmina
750 3919 804 3988 jam
819 3917 887 3987 typis
901 3916 1035 3971 mandavit
1046 3918 1076 3972 P.
1099 3916 1185 3972 Tarbe
1208 3922 1309 3989 (Chan-

186 4009 298 4064 sonniers
316 4007 344 4058 de
356 4004 520 4076 champagne,
535 4001 627 4074 1850).
642 4001 683 4055 De
697 4017 751 4071 quo
775 4001 812 4054 sic
835 4001 915 4054 sensit
939 4003 973 4053 A.
994 4001 1108 4072 Jeanroy
1131 4021 1137 4054 :
1164 4004 1309 4062 «Nullius
