2782 4980
590 394 785 460 ..103-

371 516 456 585 Ades
473 540 508 585 se
523 517 653 606 peinent
668 513 835 582 d'encuser

371 630 445 701 Cels
463 631 517 720 qui
530 628 604 697 bien
619 629 739 696 aiment
756 651 829 695 sans
842 626 971 711 fausser,

372 746 405 812 Si
424 744 491 812 s'en
510 742 621 811 doient
636 741 718 810 molt
730 740 805 808 bien
821 739 932 828 garder

369 858 408 925 Et
421 857 470 925 lor
484 856 672 945 compagnie
687 853 848 924 eschever.

677 967 693 1001 Ἰ

661 1021 709 1057 Η

373 1088 410 1171 Je
426 1083 512 1153 vueil
527 1083 601 1152 bien
620 1105 673 1150 ma
691 1080 785 1153 dame
800 1083 932 1150 noncier

374 1200 450 1277 Que
464 1200 494 1286 je
508 1199 557 1266 sui
571 1215 621 1266 tos
635 1198 720 1264 siens
734 1212 806 1264 sans
820 1196 959 1279 trichier,

374 1315 427 1383 Ne
447 1315 477 1400 ja
495 1311 534 1380 de
551 1310 574 1379 li
593 1312 691 1401 partit
709 1334 750 1379 ne
768 1313 860 1401 quiet
876 1335 883 1378 :

375 1425 461 1495 Ades
476 1424 563 1494 vueil
577 1443 659 1493 estre
674 1439 715 1493 en
729 1448 789 1494 son
804 1423 948 1514 dongier.

464 1540 616 1607 Trestote
635 1560 688 1605 ma
706 1539 757 1607 vie

465 1654 589 1721 Menrai
609 1652 692 1721 bone
709 1653 759 1721 vie
776 1676 784 1719 ε

465 1768 543 1834 Fine
563 1787 668 1833 amors
687 1765 774 1832 m’en
792 1767 859 1854 prie

464 1880 539 1958 Que
557 1878 613 1947 m’i
628 1897 704 1967 puet
718 1876 816 1947 aidier
825 1903 835 1961 ;

464 1996 501 2079 Je
517 1992 570 2061 nel
584 1992 672 2060 lairai
686 1993 751 2059 mie

467 2109 530 2175 Por
548 2106 578 2174 la
593 2123 669 2194 gent
686 2105 757 2174 hale
778 2127 786 2174 ε

468 2221 532 2287 Lor
550 2238 644 2306 grant
656 2218 775 2287 vilonie

468 2334 520 2402 Ne
537 2333 600 2421 pris
619 2355 664 2401 un
681 2331 809 2414 denier3

378 2449 429 2515 Ne
448 2465 574 2515 servent
591 2446 657 2514 fors
676 2468 737 2536 que
756 2444 795 2513 de
811 2445 942 2533 jengler,

170 2612 204 2665 V.
223 2626 265 2682 13,
281 2627 310 2665 se
323 2624 439 2683 poenent
451 2611 599 2666 dencuseir.
610 2611 686 2665 -V.
703 2626 745 2676 14,
759 2608 830 2665 ceuls
845 2610 890 2680 qui
903 2609 964 2663 bien
978 2610 1108 2664 aimment
1119 2626 1180 2665 sens
1194 2609 1250 2664 sau·

134 2695 198 2749 ceir.
212 2725 247 2735 -
256 2694 291 2748 V.
307 2708 347 2761 15,
360 2711 388 2749 se
398 2711 478 2750 sen...
491 2695 648 2766 gardeir.—
657 2694 692 2748 V.
709 2693 751 2759 16,
763 2692 928 2764 compaignie
939 2693 1058 2747 eschevir
1072 2693 1250 2763 (Bralcclmann

135 2779 195 2848 legit
208 2777 269 2830 orale
282 2778 402 2832 eschueir
415 2785 438 2831 ct
451 2779 554 2848 corrigit
567 2777 721 2846 eschineir).
736 2806 772 2819 -·
785 2777 821 2831 V.
830 2790 872 2844 17,
888 2777 913 2829 ie
926 2775 998 2829 ueul.
1015 2806 1048 2816 -
1062 2775 1096 2831 V.
1117 2777 1158 2840 18,
1174 2776 1214 2829 Ke
1225 2777 1250 2830 ie

136 2877 198 2915 seus
211 2871 271 2914 tous
287 2877 309 2914 s.
328 2877 398 2916 sens.
414 2891 450 2900 -
467 2860 502 2916 V.
525 2876 567 2932 19,
580 2877 614 2914 ne
628 2860 663 2914 iai
677 2860 711 2913 de
725 2858 744 2912 li
758 2860 847 2930 pertir.
862 2889 895 2899 -
910 2858 945 2913 V.
960 2873 1004 2923 20,
1020 2858 1092 2912 ueul.
1107 2888 1142 2898 -
1155 2858 1190 2913 V.
1204 2874 1248 2925 21,

136 2955 275 2997 trestoute.
293 2973 328 2983 -
344 2944 379 2997 V.
396 2957 439 3007 22,
456 2943 581 2997 Moinrai.
597 2972 632 2982 -
642 2942 677 2995 V.
697 2957 741 3011 23,
768 2942 822 2995 fine
836 2959 921 2996 amor.
934 2971 970 2981 -
983 2942 1017 2994 V.
1038 2955 1083 3007 24,
1097 2942 1138 2995 Ke
1151 2942 1198 2996 mi.
1217 2953 1250 2982 -’

136 3025 172 3079 V.
188 3038 231 3091 25,
248 3027 273 3079 ie
287 3043 321 3080 ne
334 3025 406 3080 lairai
423 3026 486 3081 mie.
500 3055 534 3067 -
547 3025 582 3080 V.
600 3040 644 3094 27,
657 3024 791 3080 uelonnie.
804 3054 840 3065 -
853 3024 888 3078 V.
902 3025 945 3090 28,
961 3040 995 3078 ne
1009 3025 1090 3095 prixe.
1104 3054 1140 3065 -
1153 3024 1188 3078 V.
1207 3038 1251 3095 29,

136 3109 170 3161 ke
184 3109 217 3163 de
230 3107 349 3180 iangleir.

172 3311 208 3322 -
222 3284 255 3336 V.
273 3297 317 3350 25,
333 3300 369 3338 ss.
385 3313 421 3323 -
430 3283 458 3351 Ic
473 3282 513 3335 nel
526 3284 604 3336 lairoi
617 3285 675 3337 mic.
692 3282 791 3353 Scripsi
802 3283 841 3336 ncl
854 3299 902 3353 pro
916 3299 954 3349 nc,
969 3281 1040 3353 quod
1054 3280 1213 3336 vocabulum
1227 3282 1256 3335 in

66 3423 72 3435 .
138 3364 230 3419 codice
242 3365 355 3437 legitnr;
369 3367 405 3419 sic
421 3366 494 3419 enim
507 3365 626 3438 intelligo
642 3384 649 3420 ε
665 3386 679 3416 «
695 3367 782 3420 Amor
795 3382 838 3420 me
851 3365 1006 3430 obtestatur,
1020 3365 1116 3435 quippe
1130 3365 1174 3434 qui
1189 3365 1256 3417 mihi

138 3447 256 3501 auxiliari
266 3449 358 3518 possit,
372 3464 421 3503 nec
432 3448 465 3502 de
481 3449 616 3520 proposito
627 3449 757 3514 recedam,
767 3461 817 3502 etc.
830 3469 844 3499 »
855 3479 891 3490 -
901 3448 1007 3504 Codicis
1016 3460 1106 3502 tamen
1115 3446 1257 3501 lectionem

138 3528 247 3585 sortasse
259 3532 373 3585 retinere
385 3543 469 3602 potes,
484 3532 505 3585 si
517 3531 600 3586 modo
612 3531 648 3586 sic
661 3532 832 3603 interpungas
845 3550 852 3584 ι

515 3614 580 3668 Fine
592 3630 681 3668 amors
696 3615 768 3668 m'en
780 3615 835 3685 prie
848 3633 855 3668 :

516 3697 579 3760 Que
590 3697 638 3750 m‘i
649 3710 712 3767 puet
725 3697 806 3752 aidier

511 3779 542 3849 Je
556 3796 590 3833 ne
604 3780 679 3834 lairai
694 3780 780 3834 mie...

177 3859 279 3914 Scilicet
296 3878 302 3914 ε
320 3880 334 3911 α
342 3861 428 3916 Amor
436 3878 479 3916 me
490 3862 644 3928 obtestatur,
653 3879 740 3934 neque
750 3863 777 3916 id
787 3863 858 3935 quod
868 3863 934 3917 mihi
948 3862 1073 3934 adjuvare
1083 3872 1169 3932 potest
1179 3859 1262 3932 negli-

147 3960 218 4014 gam.
236 3963 250 3993 »
823 3953 824 3956 ’

179 4027 226 4090 At,
244 4038 427 4098 praeterquam
448 4026 520 4098 quod
533 4028 582 4082 ista
596 4029 736 4083 verborum
749 4030 862 4083 inversio
879 4027 1018 4101 singularis
1035 4039 1083 4093 est,
1097 4042 1203 4081 necesse
1218 4040 1259 4082 est

143 4125 259 4174 moram,
277 4109 397 4182 rhythmi
409 4126 496 4176 causa,
512 4111 654 4185 interponi,
669 4128 736 4185 quae
748 4129 839 4168 versus
851 4128 885 4181 24
896 4125 922 4167 et
936 4125 967 4180 25
980 4110 1122 4184 disjungat.

1110 4670 1113 4675 .
1154 4564 1281 4677 ff
