2782 4980
574 435 752 502 ..50-

101 557 185 622 inter
206 554 313 637 flores,
337 557 388 623 cui
410 553 526 624 fidibus
548 556 646 639 canit,
667 556 789 643 poetice
808 553 982 644 depictum,
1002 553 1115 623 subito
1135 556 1222 643 turpi

102 671 325 737 comissatione
340 667 458 737 foedat.

144 783 206 849 Ista
231 780 382 862 clausula,
415 805 476 870 qua
501 781 658 850 nonnulla
683 785 815 868 exejus
840 780 1039 849 carminibus
1068 781 1223 850 conclusa

101 914 186 978 sunt,
204 899 294 984 quasi
317 895 511 985 subscriptio
531 897 570 963 iis
593 914 652 964 est.
675 897 727 965 Sic
742 919 779 963 ea
788 897 937 985 joculator
959 915 1068 964 noster
1090 894 1220 964 videtur

100 1009 298 1099 obsignasse,
319 1029 355 1078 ut
373 1027 545 1077 ostentaret
566 1034 600 1078 se
619 1011 679 1078 sibi
702 1013 809 1099 ipsum
830 1034 897 1078 non
916 1013 1096 1099 imponere.
1119 1012 1222 1078 Certo

100 1127 159 1192 scit
173 1124 255 1191 nihil
270 1123 310 1193 ad
332 1148 366 1192 se
385 1123 478 1192 illum
497 1147 642 1193 amorem
660 1127 818 1214 pertinere
838 1148 936 1214 quem
952 1142 1105 1214 quaestus
1119 1126 1223 1212 gratia

103 1238 216 1307 fidibus
235 1259 329 1329 atque
348 1236 454 1306 modis
473 1239 626 1322 celebrat;
652 1241 761 1329 itaque
781 1257 818 1307 ut
840 1261 918 1308 eum
937 1241 996 1306 rite
1013 1257 1046 1306 et
1063 1261 1104 1305 ex
1124 1238 1223 1306 disci-

102 1353 188 1443 plina
214 1352 333 1437 laudat,
360 1355 404 1420 ita
422 1372 531 1421 tamen
553 1374 682 1443 repente
706 1352 857 1422 adhibito
884 1357 956 1441 joco
978 1377 1053 1422 eum
1078 1351 1222 1421 ludibrio

103 1468 211 1536 habet.

144 1581 244 1662 Quod
269 1580 398 1671 quidem
422 1583 455 1649 in
478 1581 533 1650 illo
555 1585 740 1671 praesertim
768 1585 924 1651 carmine¹
949 1583 1078 1672 apparet
1104 1582 1160 1651 ubi
1187 1606 1223 1649 se

102 1721 176 1765 cum
198 1696 318 1784 Jacobo
341 1696 549 1765 Ambianensi
574 1697 791 1786 disputantem
817 1697 939 1769 inducit
953 1696 1056 1787 (XI).
1081 1695 1222 1784 Jacobus

102 1836 177 1880 eum
191 1830 262 1879 orat
275 1831 310 1880 ut
329 1811 388 1879 sibi
406 1812 589 1902 scrupulum
607 1837 646 1880 ex
660 1816 769 1881 animo
784 1813 899 1882 evellat
917 1837 925 1880 ι
947 1837 981 1880 se
999 1812 1119 1880 scilicet
1141 1815 1223 1900 jam·

103 1925 156 1996 diu
174 1948 294 2010 amare,
308 1945 339 1993 et
356 1925 519 2008 dominae,
540 1946 576 1995 ut
600 1928 740 1995 amicum
764 1926 868 2008 decet,
899 1928 1033 2009 servire3
1060 1924 1122 1993 sibi
1146 1949 1223 2015 gra-

104 2043 182 2109 tiam
199 2039 238 2108 ab
253 2040 305 2107 illa
318 2041 423 2127 specie
438 2041 574 2129 quadam
592 2043 754 2110 suavitatis
768 2042 896 2125 referri3
912 2043 1026 2110 timere
1040 2060 1150 2109 tamen
1168 2063 1218 2123 se,

104 2179 146 2223 ne
164 2178 198 2222 se
213 2153 265 2222 illa
284 2153 422 2221 ludibrio
441 2153 566 2222 habeat.
584 2155 674 2232 Quid
692 2153 807 2223 faciat?
826 2155 914 2223 illam
935 2178 975 2222 ne
994 2153 1154 2223 dimittat?
1177 2193 1220 2204 —

102 2269 265 2338 Praeclara
280 2292 355 2337 sane
374 2271 498 2337 occasio
510 2289 576 2338 erat
588 2270 815 2352 instituendae,
833 2269 921 2359 quod
937 2289 1011 2338 tunc
1027 2272 1127 2336 moris
1137 2288 1219 2353 erat,

103 2386 352 2466 controversiae,
370 2407 432 2474 qua
448 2403 543 2473 poeta
567 2385 697 2452 Am0ris
714 2403 818 2473 partes
835 2402 989 2467 tueretur,
1011 2382 1221 2473 perferendos

103 2522 171 2568 esse
188 2503 307 2568 amanti
328 2522 432 2590 aequo
455 2501 563 2567 animo
592 2499 718 2567 dolores
746 2501 964 2588 gravissimos,
988 2499 1111 2569 etiamsi
1130 2497 1221 2566 labo-

104 2635 187 2683 raret
209 2614 378 2704 zelotypia,
402 2614 620 2682 contenderet.
640 2615 784 2682 Tantum
800 2613 888 2682 abest
907 2633 942 2683 ut
960 2611 1000 2681 ad
1020 2614 1053 2682 id
1071 2611 1220 2682 intendat

102 2729 274 2812 Nicolaus3
295 2728 377 2796 hanc
395 2731 597 2796 occasionem
618 2731 699 2818 rapit
721 2728 761 2798 ad
781 2727 967 2816 jocandum,
990 2747 1025 2796 ut
1043 2727 1146 2796 homo
1172 2748 1221 2797 est

104 2847 213 2911 animo
232 2842 323 2910 hilari
347 2860 378 2910 et
400 2840 439 2910 ad
461 2845 549 2931 jocos
581 2862 734 2932 prompto
760 2867 767 2906 :
795 2868 811 2905 α
836 2844 960 2932 Pauper
983 2865 1029 2925 es,
1054 2844 1174 2932 inquit,
1199 2869 1220 2910 o

105 2958 200 3026 bone.
226 2959 260 3027 Si
282 2956 396 3024 illustri
418 2957 491 3025 loco
516 2976 588 3024 nata
613 2978 672 3043 est,
695 2981 794 3048 quam
817 2981 918 3040 amas,
939 2980 1074 3046 operam
1094 2957 1200 3045 perdis
1206 2985 1217 3041 ;

103 3075 153 3141 sin
174 3093 281 3142 autem
300 3071 428 3155 humili,
451 3073 577 3139 etiamsi
600 3075 640 3140 sit
666 3073 829 3153 ditissima,
851 3096 919 3141 non
940 3092 972 3141 te
996 3071 1128 3154 amabit,
1156 3075 1219 3139 nisi

103 3186 183 3256 bene
202 3186 377 3277 peculiatus
398 3188 471 3254 eris.
494 3187 575 3254 Mihi
600 3209 676 3255 vero
696 3189 754 3254 ista
779 3185 922 3269 valeant;
950 3210 1011 3274 ego
1030 3188 1160 3275 resipui,
1187 3209 1221 3254 et

104 3299 143 3369 ad
158 3325 252 3391 capos
274 3303 408 3389 pingues
426 3300 649 3390 placentasque
664 3299 799 3368 mellitas
807 3325 859 3368 me
875 3300 995 3383 refer03
1015 3303 1217 3379 scitamenta,

104 3414 243 3497 bellaria,
264 3415 415 3504 lignaque
435 3414 484 3482 his
508 3416 668 3484 mensibus
689 3414 830 3482 hibernis
849 3438 946 3504 super
970 3415 1044 3483 foco
1065 3419 1217 3504 reposita,

104 3553 194 3597 meae
209 3549 281 3598 sunt
300 3528 442 3610 deliciae,
464 3551 535 3597 mea
547 3552 634 3614 cura,
652 3553 724 3598 mea
736 3529 883 3619 voluptas
905 3551 912 3591 :

278 3673 381 3739 Faites
396 3673 476 3754 ensi,
495 3675 520 3739 si
534 3673 662 3738 mentes
675 3669 758 3738 bone
771 3673 836 3738 vie!
866 3696 882 3732 »

138 3882 161 3920 1.
182 3866 224 3918 De
241 3865 293 3918 hoc
306 3879 462 3936 poematum
473 3880 570 3938 genere
585 3863 691 3936 (gallice
714 3863 792 3930 dabat,
811 3881 867 3918 non
885 3877 975 3918 autem
991 3865 1112 3937 jeu-parti
1132 3864 1220 3936 appel-

99 3950 178 4017 lato),
194 3965 310 4084 perrartItI
320 3950 417 4004 nostris
437 3949 524 4020 lyricis
539 3950 645 4013 usitato,
659 3947 774 4019 Jeanroy
788 3947 930 4014 luculente,
948 3961 977 4002 ut
993 3947 1069 4016 solet,
1085 3947 1218 4004 disseruit.

99 4033 199 4105 (Oliba
215 4033 335 4104 cap..)
