2782 4980
616 389 789 456 ..71-

140 508 195 598 (11,
205 508 242 598 2)
250 536 260 594 ;
273 508 327 577 hic
339 511 487 596 envoixiez
496 507 605 591 habes,
620 507 685 577 illic
699 511 871 577 renvoixies.
890 511 935 578 Ut
950 510 1096 599 exempla
1115 511 1255 601 burgun-

137 624 224 691 diani
236 626 394 691 sermonis
408 623 563 691 nonnulla
576 647 643 691 uno
661 647 700 691 ex
714 626 856 692 carmine
872 623 1035 713 colligam,
1058 628 1092 692 in
1105 627 1165 694 VH
1179 650 1254 714 poe-

136 760 224 809 mate
237 739 353 829 legitur
369 765 376 808 :
393 741 479 808 druis
489 740 523 807 de
536 743 604 824 soie,
625 740 732 829 lairge,
747 743 843 808 mairs
853 740 887 807 de
900 743 1021 822 monia,
1036 743 1099 808 nais
1113 739 1252 830 (natus),

132 858 182 922 ait
193 853 324 945 (babet),
339 856 400 938 lou,
418 854 496 923 boen.
509 855 663 923 Litteram
672 880 706 937 x,
719 879 781 945 qua
791 855 982 944 plerumque
995 879 1025 923 ss
1039 856 1250 945 significatur,

132 971 262 1059 saepius
278 968 425 1038 adhibuit
443 968 546 1037 scriba
559 967 808 1039 ubisdesideres
826 968 1094 1058 (mauaixe,voixe,
1115 968 1254 1059 plux...)

133 1084 318 1174 Scripturae
336 1084 511 1167 malemant,
530 1086 650 1167 titiant,
670 1098 830 1167 sovant,...
848 1103 880 1152 et
892 1085 1092 1172 joieusement,
1121 1085 1255 1153 dabonai-

132 1211 286 1266 remant...
304 1221 361 1286 per
376 1199 462 1266 vices
481 1196 623 1267 subeunt
635 1210 658 1265 ¹.

182 1314 267 1402 Ergo
277 1311 509 1402 philologicam
527 1331 629 1380 artem
648 1313 836 1402 pravissime
856 1312 909 1381 ille
930 1332 1088 1382 exerceret
1109 1315 1164 1403 qui
1186 1337 1256 1381 car-

135 1429 229 1494 mina
237 1426 364 1496 Nicolai
382 1424 533 1495 bernensi
548 1425 657 1495 codice
672 1426 785 1494 tradita
803 1426 906 1495 aliena
923 1430 983 1496 ista
998 1448 1085 1496 veste
1100 1452 1166 1495 non
1181 1451 1255 1518 spo·

136 1541 241 1623 liaret,
267 1542 336 1609 imo
364 1560 472 1611 autem
494 1543 635 1608 maxime
667 1543 723 1631 qui
744 1566 781 1610 ea
806 1561 966 1630 poemata,
992 1566 1073 1633 quae
1100 1565 1255 1631 prospero

138 1679 214 1723 casu
229 1654 315 1723 hunc
338 1654 454 1723 falsum
474 1653 623 1724 habitum
637 1679 805 1745 nunquam
826 1655 1013 1740 induerunt,
1036 1654 1076 1724 ad
1095 1656 1256 1745 exemplar

139 1767 304 1837 bernensis
327 1768 398 1837 libri
419 1769 620 1838 informaret.
642 1772 756 1837 Fateor
776 1769 927 1860 equidem
951 1795 959 1838 ι
981 1794 1049 1838 non
1064 1794 1167 1861 aequo
1186 1773 1257 1838 ani-

138 1907 196 1952 mo
209 1886 336 1953 venusti
351 1902 462 1973 poetae
478 1886 580 1952 nostri
596 1884 724 1953 vultum
744 1884 857 1953 talibus
868 1885 987 1953 artibus
1001 1885 1177 1953 efferarem.

185 1999 280 2077 Quae
299 2022 373 2067 cum
388 2000 432 2066 ita
447 2017 565 2080 essent,
586 1997 665 2087 quid
680 2004 818 2067 restabat
835 2001 898 2067 nisi
923 2018 958 2066 ut
979 1997 1124 2067 codicem
1145 2023 1256 2090 quem-

139 2112 213 2182 dam
226 2113 389 2201 eligerem,
408 2115 463 2202 qui
483 2114 657 2201 scripturae
675 2111 817 2181 bonitate
838 2132 870 2181 et
888 2115 1066 2182 constantia
1085 2113 1144 2182 sibi
1164 2137 1257 2204 prae-

139 2246 278 2295 stantem
300 2228 385 2296 inter
406 2245 528 2295 ceteros
548 2230 782 2317 manuscriptos
805 2227 963 2296 adsereret
983 2228 1117 2297 locum?
1146 2230 1256 2308 Quare

139 2365 216 2410 cum
236 2340 364 2409 nullum
378 2360 561 2431 suppeteret
576 2341 822 2410 fundamentum
844 2345 1016 2432 scripturae
1030 2345 1105 2411 satis
1123 2342 1256 2411 firmum

138 2475 172 2523 et
190 2453 228 2522 ab
246 2457 338 2522 omni
354 2457 538 2543 suspicione
552 2474 671 2537 tutum,
692 2458 871 2546 principem
886 2456 1001 2525 ducem
1021 2480 1120 2546 quem
1144 2480 1257 2546 seque·

138 2593 189 2637 rer
207 2569 288 2659 elegi
307 2571 487 2638 Parisinum
503 2569 649 2638 codicem
664 2573 702 2638 Ρι
720 2573 894 2660 signatum,
913 2569 1027 2639 sedita
1045 2589 1152 2638 tamen
1170 2574 1257 2660 prin·

138 2687 245 2773 cipem
264 2704 301 2754 ut
317 2707 391 2753 eum
411 2683 574 2753 interdum
592 2684 738 2753 deserere
752 2710 819 2754 non
838 2685 1041 2768 dubitarem3
1059 2709 1134 2752 nam
1153 2710 1160 2752 :

188 2798 236 2888 1⁰)
254 2800 387 2866 Parisini
402 2797 521 2866 codicis
540 2799 684 2867 librarius
693 2800 860 2887 litteramz
881 2802 1082 2869 strictissime
1098 2801 1255 2888 scriptita-

139 2916 186 2981 vit
201 2912 302 3002 (sanz,
318 2912 402 2999 braz,
423 2912 510 3000 bauz,
523 2916 639 3001 joianz,
664 2915 828 3003 desouz...)
846 2912 921 2997 Sed,
941 2933 978 2983 ut
997 2937 1091 3002 supra
1109 2910 1256 2980 animad-

137 3030 293 3096 vertimus
307 3025 403 3096 verba
416 3031 489 3117 pri(
504 3047 534 3096 et
552 3031 632 3096 amis
646 3027 800 3097 eumdem
816 3028 900 3118 apud
918 3029 1093 3097 Nicolaum
1112 3026 1256 3096 retulisse

138 3145 173 3211 in
191 3141 335 3212 cadendo
353 3166 485 3224 sonum,
506 3144 550 3211 ita
573 3146 764 3233 scripturam
792 3143 873 3226 bras,
894 3166 978 3227 sans,
998 3144 1139 3210 desous...
1172 3165 1256 3210 rece-

140 3259 246 3347 pimus
266 3255 324 3345 (cf.
341 3279 436 3346 supra
455 3256 767 3326 animadversionem
780 3256 843 3347 V.)

185 3370 238 3461 20)
257 3372 453 3462 Quanquam
467 3374 502 3439 in
513 3374 658 3441 Parisino
673 3373 783 3442 codice
796 3393 966 3442 occurrunt
979 3373 1102 3440 formae
1109 3374 1255 3460 farefare,

138 3488 191 3570 fet,
210 3489 380 3570 simmaa,
411 3488 596 3576 scripsimus
618 3490 710 3576 faire,
731 3491 823 3577 faite,
844 3491 1018 3557 sieuvrai...
1042 3485 1144 3576 (Vide
1164 3509 1257 3575 supra

140 3599 457 3671 animadversionem
476 3600 553 3691 IV.)

187 3714 238 3802 3⁰)
256 3718 442 3784 Promiscue
462 3715 610 3785 adhibuit
628 3718 765 3784 Parisini
785 3742 846 3785 ms.
864 3717 1022 3800 librarius,
1055 3736 1090 3785 ut
1105 3714 1188 3805 apud
1207 3739 1258 3783 ae-

140 3829 250 3918 quales
259 3829 329 3897 fieri
345 3829 479 3913 solebat,
497 3833 666 3920 scripturas
679 3856 707 3915 o,
721 3857 753 3915 u,
765 3856 802 3900 ou
818 3858 825 3901 ε
842 3855 951 3916 coum,
966 3833 1109 3914 munais,
1123 3831 1255 3920 gounale,

180 4011 203 4050 1.
224 3994 267 4049 Cf.
290 3997 360 4067 apud
378 3996 580 4070 Wackernagel,
601 4005 640 4070 op.
660 3997 743 4067 laud„
759 3998 792 4053 de
813 3999 865 4054 hoc
885 3999 974 4054 codice
992 3997 1079 4070 plures
1093 3998 1259 4051 animadver-

140 4095 239 4134 aiones.
