2782 4980
133 537 174 605 ita
191 555 229 605 ut
240 539 410 606 temeraria
426 537 655 606 emendatione
671 537 825 626 syllabam
840 560 939 606 unam
954 534 1154 627 longioribus
1177 560 1247 607 ver·

133 651 220 721 sibus
230 649 410 735 subtrahas,
430 650 483 719 vel
495 650 695 720 brevioribus
720 651 864 721 versibus
889 650 1007 720 addas?
1025 653 1097 720 Iino
1124 671 1247 735 contra,

133 785 169 836 ut
195 768 325 856 opinor,
348 765 496 835 codicum
520 767 676 835 lectiones
696 766 890 835 retinendae.

176 882 249 948 Hoc
263 883 354 947 enirn
367 879 497 949 attende
514 907 521 948 :
538 880 702 970 longiores
718 904 828 951 versus
843 880 916 971 (12,
934 879 993 970 69)
1008 878 1137 948 avocali
1153 878 1248 948 ambo

133 992 302 1083 (Avenant,
322 997 374 1062 En
391 993 565 1081 chamont),
589 993 749 1063 breviores
775 1014 884 1063 aurem
900 993 949 1082 (u.
969 992 1086 1082 31-50)
1104 1016 1251 1062 aconso·

133 1110 220 1175 nanti
239 1106 335 1176 ambo
348 1109 509 1196 incipiunt
521 1106 599 1197 (Por
613 1108 645 1176 la
658 1109 821 1192 damoisele,
842 1108 909 1194 Qua
916 1111 948 1197 je
958 1132 993 1176 na
1009 1106 1126 1196 soloin.)

178 1221 270 1302 Quid
289 1241 360 1290 tum
380 1221 475 1290 inde?
495 1222 634 1307 Scilicet,
656 1225 716 1291 nisi
737 1223 842 1305 fallor,
862 1246 972 1292 versus
1002 1244 1053 1306 11,
1077 1225 1118 1291 68
1139 1222 1252 1291 audaci

134 1355 166 1404 et
196 1337 355 1404 rarissima
383 1336 516 1405 elisione
543 1337 794 1428 subsequentem
819 1360 963 1419 versum,
999 1356 1035 1405 ut
1059 1337 1103 1404 ita
1132 1334 1248 1418 dicam,

133 1450 395 1540 superscandunt
416 1475 423 1518 :

334 1578 407 1650 Une
424 1563 707 1652 dancelefavenanr
718 1601 751 1651 et
763 1582 846 1651 molt
862 1583 973 1653 bele...

335 1702 441 1769 Encor
453 1681 650 1790 dognoieTen
665 1701 818 1769 chantanr
833 1703 941 1770 meine
956 1703 1062 1791 joie...

180 1839 321 1930 Quippe,
362 1864 437 1910 cum
474 1865 602 1911 carmen
640 1840 757 1910 fidibus
794 1860 971 1926 caneretur,
1015 1841 1101 1910 idem
1133 1840 1248 1910 fidium

135 1953 322 2043 phthongus
343 1979 430 2024 nunc
451 1954 575 2025 ultimis
593 1956 721 2046 syllabis
738 1955 972 2026 vocabulorum
990 1970 1137 2039 sanic-Lu,
1154 1958 1247 2045 joi-rr,

134 2087 345 2138 nuncautem
366 2072 476 2158 primis
490 2069 618 2160 syllabis
633 2069 865 2139 vocabulorum
878 2084 1021 2153 avenant,
1042 2092 1083 2140 nu
1106 2070 1249 2138 chantanr

135 2183 361 2271 respondebat.

178 2297 326 2366 Alterum
348 2298 457 2368 retulit
467 2299 648 2369 Bartschius
668 2299 866 2388 exemplumt
888 2325 896 2367 ε
916 2322 956 2368 eo
975 2302 1062 2367 enim
1081 2298 1154 2367 loco
1177 2297 1246 2381 ubi,

134 2429 314 2480 metrorum
345 2412 442 2481 indici
476 2413 628 2496 confisus,
661 2434 798 2504 quatuor
826 2413 960 2503 syllabas
988 2413 1249 2497 desideravisses,

134 2527 280 2615 quinque
295 2525 450 2611 offendes,
471 2530 547 2618 quia
560 2551 672 2597 versus
691 2532 835 2619 proxime
854 2552 991 2618 sequens
1006 2552 1024 2596 a
1042 2528 1145 2599 vocali
1169 2529 1250 2596 inci-

135 2641 208 2729 pit:
249 2649 254 2662 “
601 2731 604 2735 ¹

488 2758 571 2825 Vers
585 2755 722 2824 l'ombre
737 2755 776 2824 de
790 2756 886 2825 l’ente

491 2870 547 2939 Ou
567 2870 615 2938 ele
629 2872 722 2938 estoit

291 2986 494 3056 Chevauchai
514 3012 578 3057 une
592 2967 716 3056 sente-'a
730 2986 813 3056 mult
825 3006 917 3076 grant
931 2986 1056 3078 esploit.

178 3125 215 3194 Id
225 3146 284 3211 est,
302 3126 415 3197 ultima
426 3126 540 3216 prioris
554 3151 663 3196 versus
676 3126 795 3217 syllaba
809 3126 938 3196 eliditur
951 3125 1083 3196 vocalia
1097 3151 1161 3217 qua
1174 3126 1248 3196 sub-

137 3263 275 3330 sequens
300 3243 412 3331 incipit
425 3264 548 3311 versus.

181 3354 277 3423 Haud
292 3355 382 3423 aliter
397 3354 478 3426 alius
497 3355 643 3444 ejusdem
659 3355 785 3427 Nicolai
798 3356 948 3425 carminis
966 3354 1058 3424 locus
1078 3353 1252 3423 enuclean-

136 3466 208 3536 dus.
229 3470 316 3539 Nam
335 3488 463 3540 sextum
481 3468 644 3538 decimum
665 3472 916 3559 uniuscujusque
946 3468 1096 3559 strophae
1119 3492 1249 3537 versum

137 3579 187 3670 (v.
214 3585 265 3666 16,
285 3602 340 3672 35,
370 3600 423 3671 54,
440 3581 500 3671 73)
520 3583 731 3653 consideranti
752 3604 794 3668 et,
816 3582 855 3651 ad
875 3583 974 3652 fidem
998 3582 1109 3650 indicis
1129 3601 1253 3650 metro-

135 3718 222 3777 rum,
247 3719 376 3766 versum
399 3698 506 3786 quinis
524 3696 654 3786 syllabis
677 3716 882 3766 constantem
905 3696 1109 3778 desideranti,
1138 3714 1250 3763 contra

135 3830 228 3897 spem
247 3807 453 3877 adversantur
467 3811 502 3878 in
515 3828 604 3879 sexto
624 3810 751 3879 decimo
768 3811 902 3880 ultimae
921 3807 1071 3900 strophae
1091 3833 1186 3878 versu
1200 3806 1248 3897 (v.

136 3919 198 4010 73)
217 3945 271 3990 sex
285 3922 424 4011 syllabae
443 3949 451 3992 ε

176 4103 200 4143 1.
216 4088 245 4144 B.
260 4079 329 4146 Rom.
343 4089 366 4160 1,
381 4104 427 4165 49,
443 4105 484 4165 19·
