2782 4980
675 391 850 459 ..13-

244 531 329 599 Cum
350 553 388 598 ex
408 527 507 598 altero
526 529 611 611 loco,
632 529 672 597 de
695 554 760 620 quo
779 554 873 621 supra
892 530 1046 615 diximus,
1068 551 1197 602 constet
1222 536 1328 604 Nico·

198 642 287 715 laum
302 646 335 713 in
350 644 555 713 orientalibus
567 644 688 713 Galliae
704 647 876 735 provinciis
891 666 1028 715 aetatem
1045 648 1158 738 egisse,
1174 652 1328 740 sequitur

199 777 234 829 ut
265 760 489 850 Lotlraringiae
514 758 674 827 ducissam
701 758 750 827 his
778 760 921 830 versibus
947 763 1190 845 memoraverit,
1215 784 1271 849 et,
1298 766 1325 832 si

18 868 21 879 ’
122 874 129 885 ’
197 873 381 943 doctissimo
406 876 475 944 viro
503 877 538 941 P.
562 876 648 941 Paris
672 873 855 958 credideris,
880 875 1045 945 ducissam
1067 879 1189 965 Agnes,
1216 878 1324 947 filiam

198 987 377 1057 Theobaldi
407 990 421 1056 Ι
452 989 581 1056 comitis
609 988 771 1056 Barrensis
795 1008 826 1057 et
854 1013 987 1059 uxorem
1013 992 1102 1059 Ferri
1135 992 1176 1059 II.
1205 993 1324 1071 Quam

197 1104 353 1171 incertam
381 1104 676 1192 praesumptionem
707 1127 860 1194 prospero
888 1127 964 1173 casu
997 1103 1209 1194 comprobare
1235 1108 1325 1196 potis

197 1241 299 1286 sum:
324 1219 441 1308 quippe
465 1240 538 1285 cum
563 1217 716 1286 Nicolaus
738 1237 769 1286 et
787 1218 923 1305 Jacobus
941 1219 1074 1309 quidam
1092 1218 1323 1289 Ambianensis

197 1336 358 1422 poeticum
396 1349 558 1399 certamen
588 1331 716 1399 alternis
747 1332 890 1402 versibus
925 1335 1056 1401 inierint
1091 1332 1199 1424 (quod
1236 1336 1324 1404 iufra

196 1446 294 1529 edidi,
315 1445 391 1534 XI),
412 1464 499 1534 patet
517 1445 632 1513 indicia
647 1469 728 1535 quae
750 1444 789 1514 de
809 1449 900 1514 istius
920 1469 1032 1536 poetae
1055 1468 1202 1537 tempore
1221 1449 1323 1519 colle·

196 1564 292 1652 geris,
321 1563 446 1631 Nicolai
472 1564 621 1653 tempori,
652 1580 762 1650 utpote
786 1562 906 1650 Jacobo
934 1564 1142 1633 Ambianeusi
1172 1566 1323 1654 aequalis

195 1677 434 1766 familiarisque,
456 1678 572 1765 pariter
587 1679 770 1745 convenire.
790 1678 884 1758 Quae
901 1702 975 1746 cum
994 1680 1037 1745 ita
1052 1682 1126 1762 sint,
1142 1676 1193 1746 his
1205 1680 1323 1765 Jacobi

196 1793 420 1861 Ambianensis
437 1792 578 1861 versibus
592 1791 719 1859 attende
732 1805 740 1832 ¹
763 1817 770 1860 :

329 1934 473 2002 Chanter
492 1933 641 2001 m’estuet
653 1951 751 2024 quant
766 1951 911 2001 contesse
930 1931 1018 2001 m‘en
1036 1934 1147 2023 prie...

329 2049 496 2131 Contesse,
515 2072 555 2115 en
573 2070 630 2115 vos
649 2049 690 2116 ait
710 2065 779 2115 tant
798 2045 888 2115 biens
908 2046 1144 2138 honorance[?]

328 2165 389 2245 Ke,
409 2163 479 2231 s’ou
491 2163 611 2253 persoir
626 2161 673 2229 les
689 2161 822 2244 honors,
839 2161 885 2230 les
904 2162 1086 2246 vaillences‚

330 2280 377 2346 En
395 2301 453 2346 vos
473 2278 565 2347 d'e'ust
585 2294 666 2344 estre
686 2299 804 2344 corone
824 2277 920 2345 assise
941 2302 949 2344 :

329 2394 424 2476 Mais,
443 2415 477 2460 se
497 2394 523 2460 si
538 2391 632 2475 n’esr,
651 2391 680 2458 el
695 2390 756 2459 ciel
769 2415 828 2460 vos
841 2394 903 2460 soit
919 2393 1076 2483 promise!

327 2508 441 2591 Farris,
463 2507 611 2575 c’Amors
627 2508 668 2575 ait
683 2505 758 2574 bien
774 2531 813 2574 en
833 2505 1087 2590 remembrance,

325 2622 408 2690 Tost
422 2621 534 2689 oblieis
548 2640 623 2689 tous
637 2621 730 2705 mals,
748 2639 838 2708 toute
851 2645 1050 2711 grevance...

237 2773 351 2862 Liquet
369 2771 455 2840 hunc
473 2773 560 2839 Ferri
577 2771 668 2839 istius
687 2772 868 2841 comitissae
889 2775 1060 2861 conjugem
1081 2770 1180 2841 fuisse
1203 2797 1210 2839 :
1233 2797 1313 2842 nam

193 2910 270 2955 cum
284 2904 455 2976 utrumque
470 2909 535 2954 uno
550 2887 689 2954 carmine
707 2885 746 2954 ad
765 2910 909 2955 amorem
923 2884 1118 2971 hortaretur,
1140 2909 1314 2976 procacem

192 3001 234 3070 ob
254 3001 396 3088 linguam
417 3023 492 3068 sane
514 3023 653 3090 poenam
676 3003 920 3070 commeruisset
945 3000 1076 3068 humilis
1094 3000 1259 3089 joculator,
1284 3004 1313 3070 si

190 3116 272 3184 forte
298 3116 479 3184 comitissae
502 3115 660 3205 alienique
684 3117 742 3183 viri
768 3119 901 3184 nomina
928 3134 1047 3184 temere
1073 3115 1309 3203 conjunxisset.

191 3230 270 3299 Inde
289 3229 461 3299 verisimile
483 3229 589 3297 evadit
609 3229 779 3299 Nicolaum
799 3229 1019 3320 Jacobumque
1038 3228 1185 3297 eamdem
1203 3250 1312 3319 parro-

191 3371 268 3415 nam
290 3344 508 3428 celebravisse,
532 3367 666 3414 uxorem
687 3344 806 3412 scilicet
826 3346 912 3412 Ferri
934 3342 1114 3432 cujusdam,
1139 3342 1326 3413 Lorharin·.

190 3463 261 3552 giae
277 3459 401 3529 ducis2.

235 3577 320 3644 luter
340 3572 565 3663 lotharingiae
585 3573 694 3656 duces,
721 3573 834 3641 ceteris
855 3573 1032 3641 necessario
1052 3570 1217 3660 neglectis,
1239 3570 1310 3642 duo

191 3688 377 3781 respiciendi
392 3709 399 3752 ε
418 3691 483 3757 sive
497 3690 582 3756 Petri
597 3688 624 3772 I,
644 3689 710 3755 sive
723 3688 809 3755 Ferri
822 3688 862 3754 11.

231 3900 254 3938 1.
276 3884 345 3938 Vide
359 3879 545 3947 Brakelmann,
560 3880 664 3946 Arciriv,
681 3894 714 3934 n0
727 3895 797 3935 cvu.

225 3984 251 4023 2.
273 3967 432 4023 Comitissae
458 3965 581 4038 quidem,
604 3981 660 4019 non
680 3965 798 4019 ducissae
822 3964 937 4034 Jacobus
956 3963 1125 4019 Ameniensis
1140 3960 1228 4016 allusit
1250 3980 1256 4016 :
1279 3975 1310 4020 at

188 4053 290 4125 Agnes,
302 4052 435 4107 Barrensis
447 4050 591 4117 comitissa,
603 4048 804 4121 Lotharingiam
814 4065 870 4102 non
881 4060 942 4103 ante
951 4064 1054 4102 annum
1064 4045 1193 4102 MCCVII
1203 4046 1307 4104 renuit.
