2782 4980
599 306 775 394 -9g..

584 578 735 634 CARMEN
753 579 791 632 IV

382 775 422 824 En
446 775 517 837 nat,
543 775 656 829 QUANT
679 776 710 821 1.1
732 775 988 825 Rosstonotnr...

167 948 226 1004 Hoc
240 966 356 1015 carmen,
371 949 399 1003 in
411 950 490 1003 unico
503 949 592 1004 codice
606 949 744 1004 conditum
759 948 832 1019 (Pb5,
848 949 878 1004 B.
893 948 928 1004 N.
946 945 1009 1013 846,
1025 946 1049 1001 s0
1064 961 1107 1016 52,
1122 946 1176 1018 νο),
1193 946 1249 1001 edi·

133 1033 170 1088 dit
181 1032 277 1100 Tarbb,
291 1033 471 1088 Chaasonniors
482 1033 510 1086 da
524 1032 689 1106 Champogna,
705 1050 732 1104 p.
746 1031 790 1088 86.

376 1193 423 1260 En
437 1193 513 1274 mai,
531 1209 630 1280 quant
645 1189 668 1258 li
687 1190 878 1280 rossignolet

377 1305 538 1374 Chantent
552 1304 614 1372 cler
628 1303 657 1371 el
671 1322 741 1374 vert
755 1303 929 1386 boissonet,

374 1421 455 1487 Lors
474 1417 623 1487 m'estuet
637 1417 711 1486 faite
725 1441 770 1485 un
782 1416 915 1506 flajolet,

376 1570 415 1581 -
437 1533 469 1600 Si
484 1531 514 1599 le
527 1530 604 1599 ferai
621 1530 702 1600 d’un
720 1530 870 1613 saucelet,
890 1568 935 1580 -

376 1645 467 1723 Qo’il
486 1643 636 1714 m'estuet
653 1644 792 1713 d'amors
809 1644 931 1732 flajoler

376 1761 416 1827 Et
429 1758 574 1847 chapelet
588 1757 628 1826 de
641 1759 704 1826 flor
717 1778 835 1847 portet,

375 1874 439 1940 Por
453 1875 521 1939 moi
535 1871 665 1940 deduire
683 1892 715 1941 et
728 1872 888 1962 deportet,

374 1986 519 2064 Qu’adbs
537 2010 577 2054 ne
595 1985 661 2054 doit
676 2009 719 2054 on
737 2009 793 2075 pas
808 2007 926 2054 muser.

680 2111 696 2146 *

665 2167 712 2201 **

374 2238 544 2322 L’autrier,
562 2262 602 2307 en
620 2241 697 2323 mai,
714 2263 758 2308 un
773 2241 919 2323 matinet,

373 2353 620 2422 M’esveillerent
638 2354 662 2421 li
677 2352 800 2435 oiselet,

376 2468 473 2535 S'alai
492 2467 594 2535 cuillir
607 2492 651 2534 un
670 2466 817 2550 saucelet,

377 2583 410 2648 Si
430 2605 470 2648 en
487 2583 515 2648 ai
530 2580 585 2649 fait
599 2605 642 2648 un
656 2580 790 2668 flajolet.

374 2696 456 2761 Mais
470 2719 530 2762 nus
549 2693 633 2761 hons
651 2694 726 2761 n’en
741 2711 818 2783 peut
831 2693 967 2781 flajoler,

371 2808 428 2875 S'il
442 2830 481 2875 ne
496 2806 551 2874 sait
565 2831 621 2896 par
640 2825 688 2876 tot
705 2831 723 2874 a
741 2807 810 2874 loer

164 3000 331 3055 Annnnnws
345 3013 483 3054 comeus.
498 3030 532 3040 -
545 2998 623 3052 Melos
633 3000 662 3051 in
673 2999 750 3053 codice
763 2999 872 3070 reperies.
889 3026 925 3038 -
938 2997 1031 3051 Mutati
1042 3015 1128 3052 nomen
1141 3000 1169 3052 in
1182 3000 1247 3054 codi-

128 3086 163 3138 cis
175 3085 285 3154 margine
298 3101 346 3137 non
355 3084 427 3155 prior
437 3099 525 3136 mnus
540 3083 656 3148 inseruit,
672 3082 720 3146 scd,
737 3083 829 3135 nostris
843 3081 997 3152 temporibus,
1011 3098 1098 3135 nonnus
1116 3085 1243 3138 recentior.

130 3199 164 3208 -
178 3167 212 3221 V.
232 3183 255 3233 1,
270 3183 296 3232 2,
310 3179 392 3238 quant
404 3166 423 3219 li
435 3167 571 3241 rossignoz
582 3165 678 3219 chante
693 3164 747 3219 cler
757 3181 793 3219 ou
807 3176 865 3218 vert
880 3165 906 3218 b.
922 3195 956 3204 -
969 3164 1004 3218 V.
1021 3180 1064 3231 12,
1079 3166 1102 3218 si
1114 3182 1149 3219 en
1160 3167 1184 3218 ai
1198 3165 1246 3220 fait

130 3267 168 3304 un
179 3249 225 3304 fait
239 3249 347 3305 flaiolet.
363 3279 397 3289 -
413 3249 448 3304 V.
467 3265 508 3321 13,
526 3250 593 3303 mais
607 3265 677 3302 nuns
694 3248 774 3302 hons.
792 3277 828 3288 -
840 3247 875 3301 V.
895 3261 936 3314 14,
953 3245 994 3301 s'il
1010 3263 1044 3301 ne
1061 3247 1106 3301 fait
1121 3264 1169 3319 par
1184 3260 1246 3303 tout

130 3334 194 3387 loer.

162 3509 253 3562 Inonx
265 3520 434 3561 nmonun.
448 3537 482 3547 -
499 3506 626 3578 Quinque
639 3505 772 3576 strophae,
788 3522 856 3576 quae
870 3504 989 3576 singulae
1000 3517 1122 3561 constant
1135 3522 1167 3559 ex
1179 3517 1243 3559 octo

127 3592 245 3646 versibus
267 3603 327 3644 octo
337 3588 446 3661 syllabas
456 3591 622 3644 habentibus.
637 3591 700 3643 Duo
712 3589 792 3646 iidem
804 3605 931 3643 versuum
943 3589 1028 3642 exitus
1041 3590 1087 3658 (et,
1098 3589 1138 3657 er)
1150 3589 1242 3641 omni-

127 3674 175 3728 bus
193 3674 317 3727 carminis
337 3674 453 3726 versibus
471 3674 633 3727 conveniunt
650 3686 676 3726 et
693 3671 798 3726 alternis
813 3673 914 3726 vicibus
933 3673 1045 3726 catenati
1062 3674 1137 3742 (aaaa
1157 3672 1241 3742 bbbb)

125 3759 194 3811 inter
206 3773 234 3810 se
247 3769 402 3811 consonant.
416 3756 532 3811 Carmen
546 3769 659 3828 quatuor
673 3756 814 3810 octonariis
827 3767 853 3809 et
872 3756 996 3811 consonis
1010 3755 1127 3808 versibus
1140 3754 1240 3825 (bbbb)

128 3840 268 3912 perficitur.

163 3952 197 3964 -
210 3922 245 3978 V.
263 3937 303 3990 14.
318 3922 436 3977 Verbum
447 3939 463 3976 a
474 3923 575 3995 (saireo
586 3922 647 3990 loer)
659 3921 731 3994 quod
743 3923 826 3978 scriba
839 3921 939 3988 omisit,
953 3920 1028 3977 facile
1040 3920 1132 3993 adjeci.
