2782 4980
430 711 607 795 CAPUT
639 712 854 797 SEXTUM

296 989 339 1040 DE
361 993 511 1041 SERMONE
534 994 664 1042 NICOLAI
689 994 989 1044 ANIMADVERSIONES

128 1340 244 1408 Utrum
265 1340 375 1407 omnia
389 1361 470 1428 quae
484 1337 564 1405 infra
584 1360 697 1406 excusa
716 1336 951 1425 publicavimus
965 1343 1107 1410 carmina
1125 1367 1199 1412 nos·

79 1471 132 1521 tro
150 1471 262 1541 poetae
277 1455 356 1542 jure,
373 1476 415 1520 an
429 1475 525 1542 prava
545 1450 726 1520 scribarum
742 1455 919 1522 temeritate
942 1454 1097 1546 adscripta
1116 1460 1196 1542 sint;

79 1570 151 1634 imo
178 1569 288 1652 eriam,
309 1586 419 1637 utrum
434 1568 471 1634 iis
486 1565 621 1644 indiciis,
639 1590 720 1656 quae
739 1565 778 1634 de
797 1566 924 1638 Nicolai
947 1568 1083 1639 dialecto
1105 1572 1195 1640 colli·

80 1705 157 1768 gere
175 1682 259 1764 licet,
279 1681 398 1750 indicia
417 1685 482 1771 jam
504 1705 598 1771 supra
623 1681 663 1750 de
684 1684 751 1771 ejus
766 1685 867 1772 patria
886 1702 917 1751 et
937 1702 1082 1774 tempore
1103 1687 1200 1756 relata

80 1796 329 1865 corroborentur
360 1821 401 1865 an
430 1797 649 1877 infirmentur,
683 1797 924 1886 insequentibus
945 1798 1110 1868 nonnullis
1132 1804 1199 1870 ani-

80 1909 356 1981 madversionibus
369 1934 428 2000 pro
443 1911 526 1980 virili
543 1932 631 2000 parte
645 1928 755 1978 nostra
775 1915 954 2000 percontari
969 1913 1059 1982 libet.

127 2026 293 2104 Quoniam
310 2024 438 2097 Nicolai
459 2049 581 2094 nomen
600 2027 635 2092 in
660 2027 731 2114 ipso
751 2044 888 2114 quatuor
906 2029 1086 2096 carminum
1110 2049 1197 2100 textu

79 2142 240 2209 insertum
266 2142 404 2210 occurrit
426 2138 563 2229 (scilicet
590 2143 622 2207 in
647 2138 846 2208 carminibus
870 2143 897 2223 l,
922 2143 980 2226 IV,
1005 2144 1050 2225 X,
1070 2143 1145 2232 XI),
1170 2149 1197 2212 si

78 2254 181 2322 modo
200 2257 376 2344 respexeris
399 2252 517 2322 scribas
540 2256 673 2322 inertius
693 2254 885 2344 plerumque
906 2258 996 2346 operi
1016 2258 1197 2327 incubuisse

79 2393 179 2459 quam
193 2392 227 2438 ut
242 2394 281 2437 ex
298 2367 430 2437 libidine
444 2391 555 2438 versus
575 2368 758 2437 refecissent
778 2387 821 2451 et,
842 2368 880 2436 ad
908 2372 1065 2459 majorem
1084 2391 1196 2461 poetae

78 2485 181 2551 nostri
196 2483 347 2578 gloriam,
367 2484 486 2551 Museti
503 2505 624 2550 nomen
641 2485 775 2550 carmini
794 2484 1010 2569 inclusissent,
1026 2510 1103 2554 sane
1122 2511 1196 2556 con·

78 2596 172 2666 cedes
187 2600 265 2667 haec
283 2597 397 2667 saltem
412 2618 549 2688 quatuor
567 2620 717 2687 poemata
735 2623 753 2665 a
776 2598 913 2667 Nicolao
936 2622 1062 2668 exarata
1082 2601 1192 2670 fuisse.

124 2715 208 2782 Cum
233 2735 342 2783 autern
367 2731 470 2781 cetera
497 2729 571 2780 octo
596 2714 740 2780 carmina
765 2715 886 2781 auctori
912 2734 1023 2783 nostro
1054 2718 1196 2806 assigne-

77 2852 152 2896 mus
171 2827 348 2895 scribarum
366 2826 430 2894 fide
448 2829 504 2915 qui
525 2825 676 2895 codicum
696 2827 837 2915 margini
861 2829 929 2916 ejus
948 2852 1082 2913 nomen,
1104 2830 1195 2898 forsi-

76 2963 132 3011 tan
151 2960 284 3025 temere,
301 2943 544 3030 inscripserunt,
562 2942 736 3030 ambigitur
752 2965 792 3008 an
817 2965 853 3010 ea
871 2963 1020 3030 poemata
1042 2944 1195 3014 Nicolaus

75 3059 146 3145 jure
161 3055 221 3124 sibi
233 3055 395 3124 vindicare
409 3056 538 3145 possir1.
809 3066 813 3075 '

123 3171 218 3251 Quae
234 3193 309 3240 cum
329 3171 461 3252 itasint,
480 3168 719 3258 quaestiuncula
742 3169 835 3238 nobis
859 3172 904 3238 sic
928 3172 1124 3241 instituenda
1147 3193 1196 3242 est

76 3306 114 3354 ut
128 3305 341 3354 consonantes
356 3308 510 3353 versuum
532 3286 636 3352 exitus
646 3286 681 3350 in
695 3303 834 3374 quatuor
853 3285 1049 3355 carminibus
1064 3289 1192 3357 Museto

76 3404 146 3489 jure
180 3400 379 3489 fidenterque
409 3397 575 3487 adscriptis
602 3421 728 3466 seorsus
754 3398 949 3487 glomeratos
987 3401 1190 3472 conferamus

77 3538 154 3583 cum
166 3515 317 3582 consonis
336 3532 518 3582 ceterorum
533 3514 714 3582 carminum
728 3512 904 3582 vocabulis.

116 3734 139 3772 1.
161 3716 301 3782 Quaedam
313 3717 431 3771 carmina
443 3715 577 3770 codicibus
590 3714 702 3770 Nicolao
716 3714 862 3787 adjudicata
880 3728 943 3770 sunt
966 3719 1112 3785 omnibus;
1131 3738 1194 3792 qua-

76 3815 138 3856 tuor
150 3803 210 3871 (111,
223 3803 271 3868 VI,
284 3802 344 3868 Vn,
359 3801 435 3871 VIII)
446 3814 568 3872 poemata
577 3801 660 3854 codex
672 3800 808 3853 bernensis
820 3801 852 3853 ΒΞ
863 3801 982 3871 sIgnatus
995 3801 1116 3869 Nicolao,
1127 3807 1193 3874 pari·

76 3887 150 3940 sinus
165 3898 253 3940 autem
272 3886 338 3940 libet
354 3885 416 3939 Pb¹²
428 3886 548 3956 ‘signatus
560 3885 660 3937 incerto
674 3884 775 3937 auctori
794 3883 949 3953 imputavit3
970 3884 1077 3939 nullum
1098 3901 1188 3943 autem

76 3986 91 4022 e
103 3970 246 4025 duodecim
260 3969 420 4024 carminibus
432 3969 526 4022 diversi
539 3967 643 4021 codices
655 3967 764 4021 diuersis
776 3967 926 4022 auctoribus
936 3969 979 4037 (ut
991 3985 1068 4040 saepe
1084 3972 1189 4044 accidit)

76 4053 199 4108 tribuere.
1101 4124 1113 4162 5
