2782 4980
587 374 785 443 ..129-

311 497 393 565 Mais
411 494 441 564 la
459 517 502 564 ou
520 497 587 565 voit
606 518 674 579 sen,
694 518 824 585 proesce
842 513 874 565 et
892 494 992 577 valor,

398 609 545 697 Jolivete,
561 609 721 678 cortoisie.

310 727 354 792 La
367 724 471 794 fausse
490 722 547 792 lais
563 746 571 794 :
590 746 697 812 poree
714 725 744 812 je
760 723 846 793 m'en
861 740 946 791 retor

312 841 341 907 A
356 838 387 906 la
402 838 481 922 bele,
499 838 528 906 la
542 837 658 906 blonde
673 856 704 907 et
719 836 749 905 la
767 835 893 905 meillor

134 971 172 1041 35
311 953 377 1031 Qui
395 975 518 1042 onques
534 952 597 1022 fust
615 950 755 1021 d'amors
773 949 831 1020 nul
850 951 900 1039 jor
917 952 1030 1039 proiie.

684 1065 700 1100 *

669 1121 715 1156 Η

246 1220 287 1230 --
315 1207 330 1245 «
354 1182 469 1271 Jaques
489 1180 667 1266 d'Amiens,
688 1200 719 1249 et
737 1179 864 1269 j’errant
880 1179 966 1248 m'en
985 1197 1069 1248 retor

398 1296 471 1363 Aux
490 1293 631 1382 chapons
650 1319 691 1363 en
710 1293 868 1382 jancellie,

311 1411 349 1477 Et
368 1432 428 1477 aux
446 1408 561 1497 gastels
576 1409 631 1499 qui
650 1428 722 1478 sont
740 1408 832 1478 blanc
850 1429 978 1476 comme
996 1405 1069 1491 flor,

399 1524 439 1591 Et
454 1546 472 1590 a
485 1527 546 1591 trks
560 1523 625 1591 bon
638 1524 694 1591 vin
708 1544 762 1591 sor
773 1521 833 1590 lie!

137 1661 181 1726 40
312 1641 381 1707 Aus
396 1637 475 1705 bons
493 1637 627 1705 morcels
643 1640 672 1704 ai
687 1634 790 1704 donke
805 1634 947 1704 m’amor

312 1753 350 1820 Et
368 1774 423 1819 aus
436 1773 530 1840 grans
543 1749 611 1818 feus
627 1773 684 1839 par
697 1752 742 1817 mi
757 1768 840 1818 ceste
854 1747 976 1818 froidor
992 1775 999 1816 :

310 1867 413 1935 Faites
428 1867 506 1948 ensi,
528 1866 555 1933 si
574 1867 700 1934 menrks
718 1864 801 1934 bone
820 1866 890 1933 viel

684 1978 700 2012 *

669 2033 715 2068 Ηῐ

246 2133 290 2146 -
314 2122 330 2158 «
352 2094 464 2164 Colins
478 2096 598 2177 Musks,
619 2095 711 2182 quiet
730 2093 819 2161 t’aise
838 2111 869 2161 et
887 2111 944 2161 ton
957 2095 1042 2182 sejor

311 2211 348 2278 Et
366 2212 395 2297 je
414 2209 538 2298 querrai
557 2207 699 2276 d'amors
718 2208 781 2295 joie
801 2225 832 2276 et
851 2206 972 2277 baudor
992 2231 1000 2278 :

135 2346 175 2414 45
313 2325 377 2393 Car
391 2324 536 2391 consirer
549 2321 697 2391 d’Amors
716 2344 757 2389 ne
776 2345 828 2390 me
842 2322 914 2411 puis
932 2322 1015 2390 mie!
1034 2345 1050 2385 ³>

170 2540 579 2598 APPARATuscn1T1cus.-V.
595 2555 637 2610 31,
651 2540 721 2595 maix
732 2537 766 2594 lai
780 2555 941 2610 ...prouesce
952 2551 979 2594 et
989 2538 1092 2596 ualour.
1107 2571 1140 2581 -
1153 2541 1186 2598 V.
1203 2556 1246 2612 32,

134 2626 271 2679 ioliueteit.
288 2624 369 2680 —V.
391 2640 434 2695 33,
453 2623 478 2679 la
497 2623 572 2679 fauce
585 2623 633 2678 lais
651 2640 700 2695 por
714 2640 762 2678 ceu
777 2639 805 2678 se
820 2640 883 2677 men
897 2636 995 2678 retour.
1016 2654 1050 2664 -
1067 2624 1102 2679 V.
1127 2639 1168 2695 34,
1189 2640 1205 2679 a
1223 2623 1248 2679 la

135 2708 233 2763 belle...
250 2706 367 2763 millour.
382 2738 418 2749 -
431 2708 466 2763 V.
486 2721 528 2779 35,
546 2707 571 2761 ki
592 2706 707 2762 onkes...
723 2706 805 2777 proie.
821 2735 857 2748 -
875 2706 910 2760 V.
931 2705 973 2777 36,
985 2706 1073 2776 Jaikes
1089 2707 1207 2762 damiens
1222 2720 1249 2764 et

134 2795 217 2847 iarant
231 2808 293 2846 men
305 2803 403 2846 retour.
417 2823 450 2833 -
465 2792 500 2846 V.
516 2806 558 2862 37,
572 2792 597 2844 ai
609 2791 678 2862 grais
687 2789 814 2861 chaipons
824 2801 850 2844 et
861 2805 877 2843 a
889 2788 914 2842 la
925 2789 1054 2844 iancellie.
1065 2821 1101 2831 -
1112 2790 1146 2845 V.
1165 2791 1208 2861 38,
1222 2802 1249 2844 et

134 2894 162 2931 as
175 2876 298 2947 gastiauls
311 2875 346 2930 ki.
358 2905 394 2916 -
405 2875 440 2930 V.
453 2890 498 2943 40,
511 2892 539 2929 as
549 2875 632 2930 boens
642 2890 754 2929 morces.
766 2872 842 2926 -V.
855 2887 901 2939 41,
916 2885 942 2926 et
956 2889 984 2926 as
995 2889 1073 2945 grans
1085 2872 1143 2928 feus
1152 2891 1198 2945 per
1210 2875 1248 2928 mi

135 2973 204 3014 ceste
220 2958 347 3014 froidour.
364 2989 397 2999 -
417 2959 450 3011 V.
468 2971 513 3026 42,
529 2959 656 3012 moinres.
674 2987 711 2998 -
729 2955 763 3010 V.
783 2971 828 3027 43,
846 2955 927 3011 Colin
941 2969 1029 3011 muset
1045 2957 1101 3012 kier
1116 2959 1194 3014 taixe.
1213 2987 1248 3000 -

135 3044 170 3099 V.
186 3056 231 3109 45,
245 3042 392 3099 consirreir.

170 3249 204 3261 ·-
215 3220 250 3274 V.
267 3235 348 3290 3o‚ss.
363 3248 400 3259 -
415 3237 428 3269 κ
441 3217 600 3271 Ηοηῃευῐὲ
614 3215 639 3270 la
652 3214 730 3270 dame
741 3212 830 3281 noble,
845 3215 890 3286 qui
903 3231 936 3270 ne
951 3215 1005 3269 vise
1017 3232 1063 3287 pas
1077 3219 1093 3269 'a
1106 3215 1246 3286 labourse,

135 3306 201 3359 mais
215 3303 239 3357 11
254 3307 289 3357 οὺ
301 3301 353 3357 elle
364 3303 420 3356 voit
435 3317 548 3372 sagesse,
559 3316 717 3372 prouesse...
734 3319 748 3350 >1

170 3418 206 3429 -
234 3386 269 3442 V.
290 3385 331 3457 36,
354 3386 463 3457 j’errant
485 3383 550 3438 m'en
576 3390 651 3437 retor.
680 3383 723 3436 Sic
753 3381 895 3437 lectionem
921 3398 971 3436 ms.
992 3384 1078 3437 iurant
1100 3398 1155 3437 men
1185 3390 1250 3438 rator

135 3471 318 3542 interpretatus
336 3469 499 3539 sum(statim
515 3465 583 3520 redeo
598 3465 676 3535 ad..).
695 3464 859 3520 Difficillime
875 3465 951 3521 enim
968 3465 1067 3538 legeres
1075 3466 1176 3538 j'arant
1192 3483 1250 3522 mon

134 3561 198 3607 rator
217 3552 263 3624 (cf.
280 3551 425 3624 Godefroy,
441 3569 463 3606 s.
478 3568 506 3605 v.
519 3550 642 3620 aranter).

172 3665 205 3678 -
217 3636 252 3691 V.
270 3652 312 3708 37.
328 3635 394 3692 Tres
409 3633 522 3709 syllabas
536 3633 630 3689 delevi.
