2782 4980
589 389 633 399 ..
657 372 695 438 41
722 388 766 398 ..

180 489 242 558 Hic
261 489 401 558 flebilem
420 489 534 558 hiemis
554 489 801 581 descriptionem
823 517 830 559 ε

380 634 492 711 Quant
506 632 529 699 li
548 631 631 701 dous
647 635 728 700 estes
744 632 896 712 descline,

380 749 456 825 Que
469 749 523 814 voi
536 746 617 836 palir
630 746 724 816 fuelle
744 767 777 815 et
789 747 861 828 flor,

380 863 419 930 Et
437 863 459 930 li
476 883 547 931 tens
562 886 595 930 se
612 862 792 932 deslumine
804 875 855 931 ¹...

179 1004 349 1092 Nusquam
368 1003 501 1093 quidem
520 1028 634 1072 manus
652 1024 793 1072 extrema
807 1005 953 1087 accessit;
967 1005 1020 1072 vix
1035 1006 1146 1094 primis
1162 1002 1254 1071 lineis

134 1115 261 1206 depicta
288 1138 364 1186 sunt
386 1142 473 1203 rura,
498 1143 634 1208 avesque
657 1119 788 1209 garruli,
819 1117 931 1187 alauda
953 1119 1005 1186 vel
1027 1117 1178 1208 fringilla,
1203 1116 1254 1186 vel

134 1230 286 1300 silvestris
301 1232 437 1302 luscinia
451 1258 533 1324 quae
548 1259 564 1296 u
582 1233 761 1303 miserabile
776 1258 906 1302 carmen
920 1235 1058 1323 integrat
1074 1259 1106 1315 u,
1121 1232 1172 1301 vel
1187 1234 1254 1300 vio·

133 1347 212 1414 laria
226 1371 307 1436 quae
324 1348 435 1416 oculos
449 1348 591 1432 solvunt,
608 1368 640 1416 et
655 1352 758 1438 prima
772 1348 927 1418 foliorum
942 1347 1078 1431 luxuria,
1096 1368 1127 1416 et
1138 1347 1254 1415 floscu-

134 1459 185 1529 lus
203 1463 237 1528 in
256 1462 326 1530 alba
343 1465 434 1552 spina
455 1463 635 1546 dehiscens,
659 1483 692 1531 et
712 1463 811 1532 herba
829 1463 919 1551 aprili
936 1487 1007 1530 rore
1027 1461 1154 1530 madida
1173 1487 1254 1553 quae

134 1576 194 1644 sub
208 1576 275 1644 sole
290 1577 382 1666 aprili
397 1578 545 1665 refulget.
568 1578 720 1646 Velocior
734 1577 865 1668 quidem
884 1577 990 1666 lyricis
1013 1580 1129 1646 nostris
1148 1576 1206 1646 suit
1220 1579 1253 1645 in

136 1690 296 1780 pingendo
312 1716 439 1774 manus,
460 1695 591 1782 segnior
610 1711 716 1761 autem
732 1694 766 1759 in
787 1690 956 1760 sentiendo
975 1694 1099 1760 animus
1120 1718 1128 1759 ε
1153 1696 1186 1759 in
1203 1692 1253 1760 his

135 1827 243 1874 tamen
257 1806 376 1876 florum
391 1807 560 1891 fasciculis,
578 1810 714 1898 pristino
729 1832 800 1876 rore
814 1810 929 1891 uvidis,
944 1833 1048 1898 neque
1063 1809 1199 1876 omnino
1213 1805 1253 1876 ad

134 1921 328 1990 hodiernam
349 1921 436 1990 diem
454 1923 615 2006 marcidis,
637 1922 755 2014 aliquid
776 1927 851 1991 novi
870 1922 998 1991 odorari
1017 1923 1090 1991 licet
1111 1946 1254 2011 :nempe

135 2060 212 2105 curn
236 2057 347 2106 natura
366 2039 586 2107 communicat
609 2057 713 2128 poeta,
741 2041 832 2127 cujus
856 2056 978 2126 pectus,
1004 2063 1021 2100 c<
1047 2039 1253 2106 reviviscente

134 2150 237 2232 laur0,
260 2151 356 2220 simul
380 2154 572 2235 reviviscit2,
598 2178 614 2214 n
641 2174 826 2221 senescente
845 2176 945 2235 anno,
967 2155 1082 2241 pariter
1101 2154 1250 2221 senescit.

135 2265 304 2349 Hortulus‚
333 2269 432 2350 rivus,
463 2266 605 2350 frondes,
639 2271 745 2336 avium
774 2287 961 2350 concentus,
993 2290 1092 2355 pauca
1121 2266 1252 2357 quidem

135 2380 214 2448 haec
242 2399 375 2450 suntet
405 2381 529 2471 pusilla.
558 2385 645 2450 Haec
673 2401 780 2451 tamen
816 2407 926 2473 pauca,
961 2382 1252 2473 quantulacumque

134 2493 192 2562 tibi
206 2493 366 2575 videntur,
388 2494 474 2586 apud
492 2517 571 2585 quot
595 2516 717 2585 poetas,
745 2498 815 2564 aliis
837 2497 1047 2586 temporibuS,
1070 2521 1252 2588 quanquam

134 2609 291 2678 bonarum
313 2613 431 2678 artium
450 2612 597 2695 curiosis,
618 2610 831 2680 desiderares!

181 2723 349 2815 Quidquid
366 2725 398 2793 id
413 2746 471 2810 est,
491 2727 745 2817 quibuscumque
764 2729 849 2794 vitiis
864 2729 1042 2817 inquinata,
1059 2728 1108 2796 vel
1123 2727 1252 2817 quibus·

134 2863 271 2928 cumque
287 2838 415 2908 dotibus
434 2860 548 2909 ornata
566 2843 608 2908 sit
626 2841 724 2930 lyrica
744 2840 842 2909 medii
861 2845 931 2910 aevi
950 2846 1068 2931 poesis,
1091 2842 1143 2910 hic
1164 2866 1251 2911 sum·

135 2978 222 3022 mam
245 2975 276 3024 et
299 2959 466 3044 epitomen
485 2957 583 3026 habes
603 2980 866 3046 argumentorum
892 2983 908 3024 a
933 2959 1126 3028 nostratibus
1148 2963 1252 3049 poetis

133 3071 356 3158 repetiturum.

179 3185 308 3262 Quibus
334 3205 443 3254 autern
463 3188 566 3276 poetis
591 3189 670 3256 vitio
696 3186 805 3257 datum
829 3207 876 3256 est
901 3188 989 3278 quod
1013 3190 1163 3257 omnium
1186 3213 1252 3257 car-

134 3300 222 3365 mina
241 3324 257 3361 «
274 3299 354 3367 adeo
368 3302 451 3368 inter
464 3325 498 3368 se
514 3302 630 3369 similia
644 3305 720 3386 sint,
740 3321 775 3371 ut
789 3305 815 3370 si
830 3303 949 3392 aliquot
963 3302 1088 3391 legeris,
1105 3305 1251 3372 universa

132 3410 246 3499 legisse
276 3412 333 3481 tibi
364 3414 501 3482 videaris
530 3441 569 3501 »3
601 3440 690 3500 nam,
722 3421 746 3484 si
773 3417 932 3506 plerisque
961 3416 1069 3486 credas
1103 3418 1247 3502 eruditis,

133 3525 260 3594 Radulfi
274 3529 510 3598 Suessionensis
525 3534 667 3600 carmina
686 3556 704 3600 a
722 3531 903 3601 Theobaldi
923 3535 1166 3622 Campaniensis
1185 3557 1250 3600 car-

134 3640 273 3709 minibus
291 3641 494 3712 nullomodo
511 3645 715 3729 discerneres,
733 3648 795 3714 nisi
811 3645 851 3715 ad
866 3646 1039 3716 scribarum
1058 3646 1157 3715 fidem
1174 3671 1251 3716 con-

173 3863 194 3902 1.
215 3848 303 3915 Ara,
318 3849 467 3904 cuxxru.

168 3944 194 3984 ι.
215 3932 304 3997 Arar,
318 3933 437 3987 cxxvi.
