2782 4980
607 406 647 423 ...
671 374 714 462 48
740 408 779 423 ..

137 529 244 582 tamen
266 508 298 581 id
320 532 439 597 tuetur,
463 514 550 605 quod
569 540 625 583 sua
644 518 751 605 ipsum
770 541 837 585 non
856 516 936 586 fallit
954 512 1126 603 cantilena,
1149 539 1254 590 cavet-

136 652 199 719 que
225 652 265 697 ne
289 628 348 696 sibi
368 632 435 719 ipse
464 628 518 698 det
544 630 650 699 verba.
679 634 819 720 Suspiria
844 632 974 722 quidem
1001 633 1089 702 bona
1116 634 1196 718 fide,
1220 656 1251 704 ut

135 742 272 821 videtur,
294 762 325 812 et
344 744 408 813 alto
424 765 551 833 pectore
571 745 675 828 ducit;
697 746 784 837 quod
800 749 826 814 si
842 749 974 838 propius
990 749 1136 833 accedas,
1155 750 1253 820 subri-

134 857 199 942 det,
219 857 314 927 labris
333 883 368 927 ac
386 859 477 929 vultu
497 878 567 929 toto
585 860 703 930 facetus
726 887 733 929 :

423 1002 502 1069 Lasl
525 1004 552 1089 ie
572 1004 657 1069 muir
676 1025 736 1092 por
751 1002 823 1071 bien
843 1026 942 1086 amer,

420 1119 690 1185 Amoreusement
709 1119 826 1185 morrai
838 1121 890 1186 l...

179 1257 211 1326 O
231 1259 383 1325 miserum
404 1256 591 1326 hominem!
613 1258 760 1327 -Audi
783 1282 859 1327 vero
881 1280 1070 1349 sequentem
1088 1284 1221 1331 versum
1243 1289 1249 1330 :

441 1401 478 1485 Je
493 1422 531 1467 ne
548 1402 611 1468 cuit
626 1424 680 1488 pas
695 1401 763 1467 ensi
779 1401 922 1468 morit...

176 1540 265 1619 Quid
281 1561 329 1609 est
348 1564 403 1609 cur
420 1542 598 1608 moriamr?
617 1540 759 1609 Confidit
776 1565 893 1631 nempe
912 1565 945 1609 se
965 1567 1042 1611 mox
1061 1545 1096 1610 in
1114 1546 1252 1632 gratiam

131 1657 251 1724 amicae
276 1654 467 1737 rediturum,
496 1674 666 1745 postquam
691 1654 790 1725 fidem
816 1680 908 1726 suam
937 1659 1101 1748 cognitam
1131 1659 1187 1727 illa
1213 1683 1252 1728 ac

130 1789 302 1860 spectatam
318 1768 476 1839 habuerit.

173 1885 326 1976 Pleraque
344 1886 431 1953 enim
449 1903 649 1973 argumenta,
672 1883 710 1953 ab
730 1885 915 1975 aequalibus
939 1887 971 1954 in
990 1886 1097 1976 lyricis
1115 1911 1251 1978 poema-

127 2002 168 2068 tis
186 2019 326 2084 tractata,
348 2002 392 2069 ita
411 1999 506 2069 refert
525 2019 559 2069 ut
582 1998 699 2068 dixeris
720 2024 757 2068 ea
776 2003 910 2070 minime
933 2002 978 2069 illi
997 2025 1066 2070 esse
1088 2027 1197 2087 curae,
1217 2024 1251 2072 et

128 2114 165 2183 ab
176 2138 214 2183 eo
226 2135 378 2205 tanquam
389 2115 493 2184 oliena
502 2138 583 2183 esse.
595 2114 687 2184 Nihil
697 2113 816 2185 horum
828 2114 955 2185 videtur
968 2118 1017 2186 sui
1029 2119 1106 2204 jutis
1118 2117 1246 2201 fecisse,

127 2230 208 2298 nihil
222 2230 262 2299 de
280 2255 340 2299 suo
359 2249 391 2299 et
409 2254 447 2299 ex
465 2232 563 2298 animi
581 2232 739 2299 sententia
758 2231 952 2321 explanasse,
974 2233 1036 2300 nisi
1055 2255 1190 2323 eaquae
1205 2232 1246 2302 ad

122 2347 274 2434 gaudium
288 2365 477 2434 spectarent.
497 2346 614 2435 Neque
629 2344 662 2412 id
677 2346 830 2433 gaudium
844 2345 930 2429 dic0,
949 2345 1035 2436 quod
1054 2371 1149 2437 supra
1168 2346 1247 2417 defi-

125 2462 203 2543 nivi,
224 2459 311 2551 quod
331 2479 377 2528 est
392 2461 482 2550 quasi
501 2458 647 2529 sublimis
661 2461 758 2529 totius
780 2479 812 2527 et
826 2461 924 2527 animi
939 2479 970 2528 et
985 2463 1127 2551 corporis
1141 2463 1246 2551 impe-

126 2596 189 2659 tus,
210 2598 276 2664 quo
298 2594 330 2643 et
352 2573 557 2656 desiderium,
580 2593 611 2643 et
629 2574 808 2662 aegritudo,
835 2592 866 2641 et
885 2597 1007 2659 morae,
1031 2594 1063 2644 et
1084 2575 1243 2666 quidquid

20 2686 27 2701 ‘
124 2691 225 2756 amica
242 2689 410 2778 benignius
427 2687 572 2771 indulsit,
594 2687 699 2756 subito
718 2689 752 2755 in
773 2687 1003 2776 jucunditatem
1024 2710 1241 2760 convertatur.

123 2806 200 2873 Non
215 2807 257 2871 ita
277 2830 284 2872 :
302 2803 364 2872 hoc
378 2823 503 2872 tanturn
518 2804 576 2872 sibi
592 2800 687 2870 habet
702 2800 856 2892 gaudium
875 2821 907 2870 et
927 2803 1135 2894 magnifacit,
1154 2805 1243 2894 quod

123 2945 162 2988 ex
180 2921 245 2987 vita
263 2939 294 2987 et
312 2942 349 2986 ea
367 2918 497 3008 quidem
518 2916 689 2987 commode
708 2937 777 2985 acta
798 2915 966 2986 redundat.
989 2943 1005 2980 (ε
1026 2921 1109 2986 Ama
1125 2937 1156 2987 et
1174 2918 1244 2988 lae-

122 3054 187 3103 tare
217 3059 232 3096 n
259 3060 267 3102 z
291 3056 328 3101 ea
348 3054 425 3103 tunc
449 3032 578 3101 amandi
603 3032 871 3122 praeceptoribus,
900 3032 1096 3102 nostratibus
1118 3033 1240 3122 lyricis,

123 3152 189 3218 visa
211 3169 258 3217 est
283 3151 448 3239 sapientia.
472 3147 509 3216 Id
532 3151 662 3218 Museto
688 3172 818 3237 quoque
837 3148 969 3236 placuit,
992 3167 1024 3215 at
1038 3147 1239 3236 simpliciter,

122 3264 211 3333 nulla
229 3266 385 3355 exquisita
406 3263 604 3347 difficultate,
628 3265 736 3352 utqui
756 3280 843 3331 totus
864 3264 897 3328 in
917 3260 1121 3331 comissando
1141 3284 1239 3347 esset,

122 3379 161 3448 ad
173 3379 206 3447 id
220 3399 346 3448 tantum
361 3381 515 3461 intentus,
534 3400 571 3447 ut
585 3377 644 3446 sibi
659 3400 785 3444 morem
799 3396 921 3465 gereret
937 3402 944 3444 :

364 3523 400 3607 Ja
419 3518 459 3589 de
478 3521 541 3609 joie
559 3518 635 3587 faire
655 3542 695 3586 ne
714 3520 794 3586 serai
814 3517 959 3586 eschis...

507 3636 570 3702 Car
585 3659 603 3701 a
616 3652 710 3723 grant
723 3635 786 3722 joie

509 3751 563 3817 Vit
576 3768 606 3815 et
619 3747 794 3815 s’esbanoie

511 3864 572 3932 Cui
587 3865 706 3930 Amors
727 3863 905 3930 maistroie!

165 4010 264 4076 Amat
278 4027 398 4090 autern,
420 4025 456 4074 ut
470 4023 561 4072 canat
579 4005 739 4094 genioque
758 4002 945 4093 indulgeat:

19 4488 259 4690 'N
