2782 4980
602 404 640 416 -
666 387 709 453 ⁷0
731 400 784 420 —ut

130 529 309 579 ceterorum
330 509 621 597 manuscriptorum
646 507 783 596 adjicias.
806 505 906 586 Quod
924 504 964 574 ad
986 506 1107 596 reliqua
1119 506 1242 576 Nicolai

132 626 270 694 carmina
291 642 423 712 spectat,
451 642 588 713 quatuor
607 644 757 705 numero,
788 623 822 689 in
847 620 946 690 dubio
970 624 1115 711 positum
1140 641 1245 691 utrum

131 737 255 828 singula
269 737 423 807 vocabula
442 735 481 805 ad
505 735 666 826 exemplar
685 735 803 804 codicis
823 734 998 818 bernensis,
1026 733 1113 825 quod
1136 734 1176 804 ad
1200 758 1247 803 res

132 851 408 942 orthographicas,
439 848 636 920 restituenda
660 853 736 934 sint,
765 874 805 918 an
826 853 861 918 in
888 874 1086 940 unoquoque
1106 852 1250 918 carmine

132 964 271 1049 edendo,
293 964 346 1034 alii
374 964 506 1056 quidam
531 965 658 1034 codices
684 966 748 1032 sint
773 962 925 1053 eligendi,
952 987 1093 1054 quorum
1114 964 1251 1052 scriptu·

133 1104 202 1148 ram
221 1080 348 1149 referas.

179 1197 292 1277 Porro,
313 1195 340 1261 si
359 1193 430 1284 quis
452 1217 538 1261 nunc
562 1217 650 1277 eum,
678 1218 766 1262 nunc
786 1193 878 1263 illum
898 1191 1042 1261 codicem
1063 1210 1251 1274 assectatur,

136 1307 364 1377 versicolorem
379 1330 438 1377 nec
457 1306 517 1376 sibi
534 1309 608 1377 satis
627 1325 826 1377 constantem
843 1326 967 1377 textum
985 1309 1140 1391 instruet;
1163 1308 1255 1396 atqui

135 1421 216 1491 nihil
237 1420 342 1491 obstat
362 1423 441 1513 quin
463 1421 579 1490 edendi
607 1424 767 1491 rationem
789 1446 857 1491 non
885 1421 965 1490 adeo
991 1421 1142 1489 servilem
1165 1422 1253 1489 iner-

135 1556 267 1627 temque
279 1560 474 1626 sequamur:
496 1561 572 1606 nam
605 1536 690 1627 (sive
705 1556 838 1620 rectam,
859 1537 925 1604 sive
944 1558 1088 1625 pravam,
1106 1537 1174 1604 sive
1191 1538 1255 1604 cri·

135 1655 240 1734 ticam,
269 1653 336 1720 sive
361 1649 401 1719 ad
426 1650 525 1720 fidem
550 1653 846 1740 manuscriptorum
869 1652 1060 1739 exscriptam
1083 1649 1257 1739 orthogra-

136 1765 246 1856 phiam
261 1764 475 1855 constituero)
492 1765 666 1856 philologis
685 1765 898 1835 nihilominus
917 1765 1023 1834 licebit
1046 1767 1080 1833 in
1099 1784 1256 1854 apparatu

138 1883 248 1950 critico
262 1882 411 1949 omnium
427 1879 576 1949 codicum
591 1880 834 1969 discrepantiam
849 1881 997 1969 reperire.

183 1996 216 2063 si
231 1997 304 2085 quis
316 2015 426 2064 contra
437 1997 588 2064 omnium
608 2014 796 2084 poematum
808 1994 1072 2084 orthographiam
1086 1993 1126 2062 ad
1145 2019 1258 2064 exem·

139 2110 206 2199 plar
223 2111 318 2179 unius
339 2109 458 2178 codicis
480 2110 654 2178 informare
678 2109 785 2192 vellet,
816 2112 882 2199 ejus
909 2109 1031 2177 scilicet
1056 2107 1177 2177 codicis
1198 2113 1258 2201 qui

138 2224 229 2315 plura
261 2225 354 2293 nobis
381 2223 510 2293 tradidit
530 2243 691 2313 poemata,
717 2224 854 2314 perbene
876 2223 1008 2316 quidem
1034 2223 1163 2308 faceret,
1192 2227 1258 2294 nisi

139 2338 272 2408 adverso
288 2337 431 2430 quodam
441 2363 516 2407 casu
530 2339 570 2408 de
585 2338 734 2407 bernensi
752 2341 814 2408 isto
827 2338 937 2407 codice
953 2357 1110 2429 ageretur.

183 2456 239 2537 At,
260 2472 297 2523 ut
315 2452 395 2522 bene
410 2471 538 2536 notum,
556 2453 675 2522 librum
690 2453 784 2522 illum
803 2455 1005 2535 bernensem,
1029 2474 1171 2521 ceterum
1187 2479 1259 2543 pre·

140 2569 364 2650 tiosissimum,
394 2567 496 2635 scriba
516 2566 647 2637 hirsutis
664 2570 867 2658 spinosisque
878 2571 1036 2636 sermonis
1050 2568 1258 2656 Burgundiae

141 2681 254 2750 formis
281 2683 325 2750 ita
347 2680 505 2749 obstruxit
529 2701 565 2750 ut
583 2682 665 2752 hanc
688 2682 852 2751 horridam
873 2701 997 2750 vestem
1019 2704 1131 2772 poetae
1154 2687 1259 2752 nostri

141 2797 285 2865 versibus
304 2794 489 2863 induxerit:

318 2938 414 3005 Mout
430 2935 556 3007 m’anue
570 2935 671 3005 d'iver
689 2936 729 3004 ke
748 2955 817 3006 tant
829 2939 874 3005 ait
886 2936 1001 3022 dureit,

319 3052 368 3118 Ke
385 3053 415 3139 je
435 3075 476 3119 ne
490 3053 545 3120 voi
559 3053 723 3140 roisignoz
738 3074 780 3118 en
794 3050 883 3121 bruel
902 3076 1018 3135 ramer,

320 3166 358 3233 Et
370 3163 425 3233 des
444 3165 484 3234 ke
499 3168 528 3253 je
542 3168 597 3234 voi
616 3165 671 3234 lou
686 3185 757 3235 tens
771 3166 984 3250 renouveleir,

321 3280 354 3347 Si
373 3303 427 3348 me
446 3282 596 3350 convient
614 3281 653 3347 ke
668 3283 697 3368 je
716 3282 785 3348 soie
802 3304 842 3348 en
857 3299 922 3348 cest
940 3283 1032 3349 esteit

320 3392 400 3462 Plux
419 3397 548 3484 mignos
568 3413 600 3462 et
612 3397 778 3463 envoixiez
797 3396 836 3462 ke
855 3396 938 3463 n'aie
958 3397 1063 3464 esteit.

188 3533 239 3600 Sic
262 3530 314 3621 (ut
331 3534 486 3604 mendum
501 3559 604 3605 unum
618 3533 768 3626 arguam)
794 3560 892 3605 unam
916 3535 1128 3626 eamdemque
1143 3561 1260 3606 vocem

143 3652 160 3713 ί
171 3669 233 3735 qua
250 3648 302 3714 isti
320 3650 461 3738 quinque
480 3673 590 3719 versus
613 3651 827 3718 terminantur
847 3650 947 3741 (dard,
973 3657 1066 3733 rami,
1095 3653 1257 3735 renouuell,

142 3758 213 3849 arti)
230 3760 331 3828 scriba
344 3763 460 3851 triplici
480 3763 581 3832 modo
595 3767 719 3833 notavit
733 3763 859 3852 (dureit,
876 3787 987 3848 ramer,
1003 3763 1212 3854 renouveleir).

190 3874 366 3944 Abundant
388 3876 462 3945 talia
489 3878 625 3946 levitatis
649 3897 680 3946 et
709 3881 954 3948 insconstantiae
975 3880 1132 3968 exempla.
1160 3880 1261 3949 Nunc

145 3988 293 4060 librarius
318 3993 479 4080 roisignors
501 3991 605 4083 (VIII,
634 3992 673 4083 2)
699 3996 837 4083 scripsit,
862 4018 948 4063 nunc
980 4015 1087 4063 aurem
1113 3996 1260 4082 roisignoa

19 4506 233 4664 ...K
