2782 4980
613 402 790 474 -79-

185 525 223 615 3)
246 527 396 596 Tertium
419 526 601 615 exemplum
614 528 648 593 in
668 528 808 595 carmine
823 527 910 617 quod
923 528 993 616 ipse
1011 528 1153 616 primum
1173 528 1257 618 typis

136 641 303 710 mandavit
317 640 401 730 (Car
415 665 459 708 me
469 642 640 724 conseillids,
651 642 775 726 labans,
792 666 821 709 sc
832 643 928 712 Dieus
944 666 994 710 vos
1007 641 1103 732 voit1)
1120 646 1258 732 Jeanroy

138 754 389 824 animadvertit:
411 779 476 845 quo
496 776 602 824 autem
617 780 723 838 versu,
744 755 883 824 indicare
896 759 1019 825 omisit.

189 872 277 939 Cum
292 890 398 938 tamen
413 870 475 938 hoc
490 894 606 959 poema
620 874 830 958 perscrutanti
848 870 955 939 nullus
978 871 1166 941 obversetur
1181 870 1260 941 hen-

140 981 360 1073 decasyllabus
380 987 436 1075 qui
458 1008 532 1054 cum
553 985 662 1074 regula
685 987 699 1053 Ι
724 983 776 1053 vel
801 985 830 1053 Π
855 1009 922 1053 non
949 985 1042 1075 plane
1068 989 1258 1070 consentiat,

141 1097 207 1166 hoc
222 1099 352 1166 tertium
373 1099 571 1188 exemplum,
596 1119 709 1187 utpote
727 1101 832 1181 inane,
854 1098 1002 1168 diducere
1016 1100 1135 1169 licebit.
1158 1102 1262 1170 Num-

143 1211 224 1300 quid
249 1230 356 1281 autem
377 1213 554 1302 significant
573 1212 685 1303 reliqui
704 1211 769 1281 duo
788 1215 921 1281 versus?
944 1214 1082 1281 Minime
1096 1213 1259 1303 equidem.

139 1327 366 1414 Imprudenter
411 1329 498 1396 enim
532 1330 671 1416 leanroy
712 1327 831 1396 horum
863 1329 1044 1396 carminum
1080 1327 1254 1396 editoribus

142 1439 294 1530 (Rartsch
309 1461 339 1509 et
352 1440 511 1530 Scheler)‚
528 1442 669 1510 confisus
684 1460 732 1510 est
748 1462 756 1504 :
774 1461 907 1532 uterque
922 1443 1022 1525 enim,
1038 1443 1261 1531 impositarum

143 1554 419 1645 hendecasyllabis
457 1555 640 1644 regularum
680 1558 823 1645 ignarus,
853 1575 1003 1646 ratusque
1033 1555 1132 1625 hosce
1171 1555 1260 1624 locos

141 1671 319 1739 scribarum
338 1672 515 1740 temeritate
530 1669 653 1738 mendis
668 1672 853 1760 inquinatos
871 1670 981 1752 fuisse,
1000 1670 1152 1740 lectiones
1171 1670 1257 1739 codi-

147 1808 235 1866 cum,
259 1808 442 1876 quanquam
462 1787 611 1874 optimas,
644 1784 796 1874 neglexit,
826 1787 1043 1875 ancipitesque
1067 1787 1264 1875 suspiciones

147 1898 339 1990 easdemque
354 1924 464 1989 pravas
479 1902 512 1968 in
532 1918 655 1968 textum
674 1901 803 1989 recepit.
823 1901 856 1968 Si
873 1902 1160 1989 enimapparatum
1176 1902 1266 1968 criti-

151 2050 225 2094 cum
251 2051 269 2095 a
288 2026 450 2095 Schelerio
466 2030 660 2096 instructum
677 2026 862 2110 contuleris,
879 2025 1113 2096 animadvertes
1132 2026 1267 2096 verbum

151 2141 190 2207 tel
204 2164 222 2206 a
236 2139 338 2208 scriba
355 2164 422 2209 non
436 2161 598 2211 exaratum
612 2141 723 2225 fuisse,
740 2140 796 2209 sed
814 2139 853 2208 ab
868 2140 990 2208 editore
1007 2141 1106 2209 textui
1121 2139 1268 2209 additum

151 2253 249 2321 fuisse
259 2279 269 2336 ;
284 2255 352 2343 pari
371 2272 479 2322 autem
498 2256 630 2338 ratione,
654 2254 742 2345 quod
765 2253 804 2322 ad
824 2252 961 2322 alterum
984 2277 1112 2323 versum
1135 2273 1265 2342 spectat,

152 2370 187 2434 in
216 2367 326 2436 codice
355 2367 472 2456 legitur
506 2369 538 2436 di
561 2369 735 2458 prodires,
767 2392 865 2458 quam
895 2392 1024 2457 pravam
1052 2372 1269 2457 conjecturam

152 2481 335 2552 Bartschius
350 2483 459 2574 inique
478 2502 650 2574 auguratus
665 2503 723 2552 est.
745 2485 815 2551 Hae
827 2500 903 2551 sunt
920 2482 1070 2551 codicum
1089 2482 1242 2551 lectiones
1259 2507 1267 2550 z

262 2612 339 2679 Las!
361 2634 420 2700 por
434 2612 485 2679 coi
501 2634 554 2678 me
567 2610 624 2679 fait
642 2610 725 2678 labe
742 2648 787 2660 -
802 2609 833 2678 le
851 2609 917 2677 mal
936 2611 1098 2678 sentiri...

266 2727 305 2795 Et
316 2728 342 2794 si
357 2750 410 2794 me
429 2725 461 2793 di
477 2749 495 2793 a
509 2724 576 2794 cele
594 2764 634 2775 -
652 2727 707 2816 qui
726 2725 791 2794 m'a
806 2733 944 2794 trais2...

201 2855 286 2922 Cum
309 2878 364 2923 eae
388 2853 540 2922 lectiones
565 2853 683 2942 regulis
703 2856 717 2922 Ι
735 2855 814 2923 etII
837 2853 929 2943 plane
953 2853 1158 2936 conveniant,
1186 2871 1273 2943 patet

154 2970 305 3056 Jeanroy‚
322 2967 400 3038 dum
414 2970 540 3038 tertiam
553 2967 658 3058 legem
673 2968 882 3058 excogitabat,
902 2966 1138 3058 aliquantulum
1153 2992 1270 3036 somno

157 3081 329 3151 indulsisse
351 3103 359 3145 ι

335 3208 568 3299 ...quandoque
579 3208 683 3277 bonus
694 3209 845 3276 dormitat
858 3210 1032 3276 Homerus.

202 3337 329 3406 Omnes
361 3335 487 3407 Nicolai
523 3359 634 3404 versus
664 3333 806 3402 alterutri
842 3334 905 3424 legi
933 3333 1139 3423 respondent,
1172 3335 1272 3402 tribus

156 3469 267 3518 tamen
282 3452 421 3539 exceptis
440 3450 491 3540 (1,
517 3470 568 3532 11,
590 3447 658 3538 17),
679 3470 760 3538 quos
779 3448 921 3538 quidem,
943 3471 1018 3516 cum
1040 3449 1137 3517 unico
1162 3448 1272 3517 codice

156 3568 221 3634 sint
233 3566 382 3633 asservati
396 3563 576 3654 eodemque
589 3565 696 3631 naevis
711 3565 838 3650 saepius
861 3582 1025 3651 corrupto,
1046 3561 1133 3631 haud
1148 3582 1269 3632 temere

157 3675 357 3744 emendares.

197 3885 220 3922 1.
242 3867 284 3922 ef.
300 3867 335 3922 G.
352 3866 492 3940 Raynaud,
506 3866 625 3937 Bibliogr.
641 3865 680 3920 des
692 3865 788 3931 cham,
804 3878 836 3919 ns¹
851 3878 927 3935 1775.

193 3968 219 4007 2.
240 3952 291 4006 Hic
301 3968 440 4005 caesuram
453 3951 535 4005 habes
547 3966 629 4022 quarn
639 3948 749 4022 lyricam
763 3949 864 4003 dicunt.
879 3947 922 4003 cf.
936 3948 1009 4003 hunc
1022 3947 1125 4003 Nicolai
1141 3965 1248 4004 versum
1261 3989 1270 4009 .

265 4035 338 4090 C’est
350 4035 411 4090 bien
422 4035 493 4089 drois
506 4051 558 4106 que
569 4034 622 4105 j’en
632 4031 688 4087 face
700 4062 733 4072 -
748 4050 776 4086 sa
787 4032 901 4087 volente.

1115 4528 1358 4692 ..1ss
