2782 4980
701 393 878 476 ..58-

236 526 269 591 in
289 525 495 595 Stenimacon
513 527 730 612 obsidebatur,
752 530 895 600 liberavit
913 531 949 621 (§
968 554 1046 620 435,
1068 533 1108 602 cs.
1127 533 1145 623 S
1165 533 1270 624 469);
1285 537 1335 602 sive

235 642 330 707 etiam
346 662 472 728 captam
486 642 734 734 Andrinopolim
748 670 822 715 cnm
841 665 970 715 centum
988 646 1147 716 militibus
1162 648 1340 718 servandam

235 756 357 843 accepit
369 755 404 844 (§
419 755 515 846 496).
537 759 619 840 lmo,
640 778 700 827 stat
720 780 791 828 ante
809 760 933 835 oculos,
955 760 993 829 ab
1012 763 1157 832 Henrico
1177 762 1219 831 de
1239 742 1388 833 Valet-⁸

235 871 329 936 tianis
350 868 494 958 depictus
520 871 555 961 (§
583 872 676 962 390),
706 877 799 944 Cono
824 895 915 943 atrox
941 877 1049 959 miles,
1074 896 1242 947 armatura
1267 880 1346 970 gravi

237 985 380 1068 indutus,
403 986 526 1055 fortiter
549 1012 635 1079 equo
660 989 842 1078 persedens,
868 993 900 1059 vi
921 990 1049 1080 frigoris
1073 1011 1227 1081 perustus
1252 1015 1260 1060 ε
1281 1017 1349 1061 nam

237 1125 311 1168 cum
324 1100 444 1171 bellum
460 1126 595 1191 operose
610 1128 686 1173 cum
700 1103 889 1174 Lombardis
903 1126 1076 1195 gereretur,
1095 1131 1111 1168 α
1124 1107 1227 1177 Cono
1240 1108 1350 1176 Bethu-

236 1217 356 1285 niensis
375 1219 413 1284 iis
428 1218 511 1285 mala
530 1219 714 1306 precabatur
733 1222 788 1310 qui
807 1221 1047 1289 commilitones
1065 1240 1156 1291 tanto
1176 1222 1351 1292 discrimini

235 1331 427 1419 objecerant,
453 1332 728 1424 contendebatque
752 1359 807 1403 eos
825 1337 908 1404 vitae
926 1335 1056 1424 ,futurae
1074 1336 1192 1427 gaudia
1211 1362 1352 1406 comme·

237 1449 349 1528 ruisse,
378 1449 445 1536 qui,
472 1448 545 1536 gelu
575 1452 663 1536 quasi
694 1452 844 1537 rigentes,
876 1469 981 1521 tantos
1009 1474 1068 1540 pto
1094 1453 1168 1521 Deo
1198 1454 1353 1522 cruciatus

236 1561 435 1630 tolerabant:
448 1589 464 1624 ›>

280 1679 315 1744 ln
331 1679 473 1746 consiliis
488 1699 607 1763 autem,
628 1683 761 1750 meritus
777 1700 824 1749 est
839 1701 874 1750 ut
890 1679 1025 1749 disertus
1043 1681 1256 1771 appellaretur
1272 1681 1352 1770 (bien

236 1792 398 1882 eloquens),
415 1819 481 1884 qua
500 1794 592 1863 laude
611 1819 683 1864 raro
703 1796 783 1865 alius
803 1816 887 1878 ante,
914 1799 947 1865 in
964 1796 1076 1886 gallica
1095 1796 1210 1865 saltem
1228 1796 1351 1887 lingua,

237 1930 367 1977 ornatus
382 1928 449 1977 erat
460 1922 481 1976 ¹.
497 1908 568 1978 Fuit
581 1930 699 1993 autem,
718 1931 753 1980 ut
766 1910 904 1994 videtur,
922 1913 955 1978 in
971 1910 1117 1991 dicende,
1140 1935 1234 2001 asper
1250 1914 1353 1981 immi·

238 2026 353 2112 tisque.
375 2026 514 2105 Quoties
533 2028 620 2094 enim
638 2025 875 2094 commilitones
901 2045 1063 2095 oratorem
1085 2025 1191 2099 callidi
1213 2027 1355 2116 pruden-

238 2141 344 2229 tisque
375 2141 498 2229 ingenii
531 2139 721 2224 desiderant,
753 2139 793 2208 ad
825 2140 1024 2210 Gaufredum
1052 2140 1091 2209 de
1121 2140 1356 2210 Villaharduini

236 2256 344 2344 potius
365 2273 552 2339 recurrunt3
573 2258 696 2344 quoties
720 2275 826 2324 autem
847 2279 897 2323 res
920 2276 1108 2345 promptum
1129 2254 1168 2322 ad
1194 2259 1354 2346 asperiora

236 2370 341 2437 virum
359 2371 473 2459 poscit,
494 2372 703 2460 impotentem
721 2390 751 2438 et
768 2371 906 2438 nimium
926 2371 1038 2453 animi,
1061 2372 1234 2439 Cononem
1256 2369 1354 2438 advo·

237 2502 320 2551 cant.
343 2485 428 2553 Cum
447 2487 536 2552 enim
554 2484 685 2554 Alexius
704 2504 858 2572 tyrannus
873 2484 1015 2574 legatum
1034 2486 1172 2552 misisset
1190 2486 1246 2572 qui
1268 2486 1355 2553 mili-

238 2619 285 2668 tes
308 2623 412 2667 sacros
438 2599 477 2668 ad
501 2624 642 2690 pugnam
664 2600 843 2680 lacesseret,
869 2600 977 2682 Cono,
1005 2598 1215 2666 suadentibus
1242 2601 1356 2669 ceteris

240 2713 385 2798 ducibus,
409 2739 442 2782 se
461 2717 571 2799 erexit,
593 2738 730 2804 eumque
750 2714 932 2783 iracundius
951 2716 1083 2803 respuit.
1101 2713 1176 2781 Alio
1191 2732 1353 2802 tempore,

239 2854 313 2898 cum
331 2831 474 2920 quinque
492 2829 564 2898 belli
579 2831 675 2898 sociis
694 2829 810 2899 electus
824 2849 873 2898 est
891 2832 946 2920 qui
960 2831 1188 2918 imperatorem
1203 2831 1237 2896 in
1251 2831 1355 2898 Cons-

239 2944 432 3034 tantinopoli
460 2965 657 3034 provocaret.
682 2947 719 3013 In
746 2944 876 3014 dubiam
901 2969 975 3013 sane
1003 2944 1102 3011 aleam
1129 2942 1230 3025 ibant,
1255 2945 1355 3010 armis

240 3061 344 3144 cincti,
373 3083 429 3150 per
455 3059 602 3128 infestam
631 3059 762 3143 urbem;
788 3058 942 3150 palatium
971 3077 1080 3126 tamen
1105 3059 1238 3146 ingressi
1264 3077 1352 3126 sunt.

240 3174 397 3243 Sedebant
411 3175 499 3243 soliis
513 3177 687 3264 imperator
701 3174 833 3243 Alexius
849 3176 980 3263 ejusque
995 3192 1082 3262 pater
1099 3173 1256 3254 Isaacius3
1271 3173 1355 3239 inter

241 3312 323 3378 quos
346 3312 426 3356 uxor
448 3291 660 3378 imperatoris,
684 3311 777 3357 soror
800 3289 883 3377 regis
901 3287 1103 3375 Hungariae;
1128 3286 1355 3355 circumstabat

240 3407 433 3493 optimatum
447 3404 549 3473 turba.
562 3406 649 3473 Tum
663 3407 756 3474 Cono
771 3405 995 3472 Bethuniensis
1009 3427 1017 3469 ι
1037 3427 1053 3464 «
1067 3404 1149 3485 Nos,
1165 3403 1351 3490 imperator,

184 3590 187 3596 ,
242 3518 280 3587 ad
295 3540 325 3587 te
341 3523 496 3588 miserunt
512 3522 665 3589 exercitus
678 3521 836 3609 principes
852 3538 883 3586 et
897 3519 1053 3587 Venetiae
1069 3515 1132 3585 dux
1149 3542 1156 3584 :
1176 3540 1259 3606 quos
1273 3518 1356 3585 scias

240 3654 365 3724 oportet
380 3658 513 3725 operam
529 3636 584 3704 tibi
603 3660 622 3702 a
640 3658 673 3702 se
688 3654 834 3703 navatam
854 3634 981 3701 crimini
996 3651 1158 3701 vertere...
1178 3633 1305 3700 Etenim
1322 3651 1354 3701 te

278 3873 300 3910 1.
321 3857 373 3910 Vix
386 3858 492 3927 incepto
504 3872 576 3911 sacro
588 3854 667 3920 bello,
684 3871 753 3908 unus
769 3853 818 3907 suit
833 3869 848 3908 e
863 3854 962 3908 nuntiis
975 3853 1048 3924 quia
1064 3849 1194 3905 Balduino
1208 3852 1309 3906 comite
1322 3853 1356 3906 ad

239 3942 418 3996 Venetianum
427 3941 524 3994 ducem
534 3939 607 3993 missi
619 3951 697 4004 sunt;
707 3938 838 4010 posterius
847 3949 874 3992 et
885 3935 928 3990 ille
935 3936 969 3989 de
978 3952 1042 4006 pace
1051 3951 1113 3988 cum
1120 3933 1278 3988 Lombardis
1289 3935 1354 4006 egit,

240 4042 354 4102 cumque
368 4024 483 4090 Michali‚
499 4024 607 4099 Epirota
622 4035 733 4098 tyranno
748 4024 787 4091 (v.
802 4021 947 4076 Henticum
961 4019 994 4073 de
1008 4017 1181 4082 valentianis,
1196 4017 1298 4091 §692).

13 4380 304 4684 *x
