<?xml version="1.0" encoding="UTF-8"?>
<!DOCTYPE html PUBLIC "-//W3C//DTD XHTML 1.0 Transitional//EN"
    "http://www.w3.org/TR/xhtml1/DTD/xhtml1-transitional.dtd">
<html xmlns="http://www.w3.org/1999/xhtml" xml:lang="en" lang="en">
 <head>
  <title>
</title>
<meta http-equiv="Content-Type" content="text/html;charset=utf-8" />
  <meta name='ocr-system' content='tesseract 3.04.00' />
  <meta name='ocr-capabilities' content='ocr_page ocr_carea ocr_par ocr_line ocrx_word'/>
</head>
<body>
  <div class='ocr_page' id='page_1' title='image "./denicolaomuseto00bdgoog_0037.png"; bbox 0 0 2782 4980; ppageno 0'>
   <div class='ocr_carea' id='block_1_1' title="bbox 564 383 741 450">
    <p class='ocr_par' dir='ltr' id='par_1_1' title="bbox 564 383 741 450">
     <span class='ocr_line' id='line_1_1' title="bbox 564 383 741 450; baseline 0 -38"><span class='ocrx_word' id='word_1_1' title='bbox 564 383 741 450; x_wconf 64' lang='lat'>..24-</span> 
     </span>
    </p>
   </div>
   <div class='ocr_carea' id='block_1_2' title="bbox 93 501 1258 3577">
    <p class='ocr_par' dir='ltr' id='par_1_2' title="bbox 93 501 1258 3577">
     <span class='ocr_line' id='line_1_2' title="bbox 139 501 1216 593; baseline 0.005 -23"><span class='ocrx_word' id='word_1_2' title='bbox 139 501 240 570; x_wconf 91' lang='lat' dir='ltr'>Nullo</span> <span class='ocrx_word' id='word_1_3' title='bbox 258 503 346 571; x_wconf 90' lang='lat' dir='ltr'>enim</span> <span class='ocrx_word' id='word_1_4' title='bbox 358 502 458 572; x_wconf 93' lang='lat' dir='ltr'>modo</span> <span class='ocrx_word' id='word_1_5' title='bbox 476 503 601 592; x_wconf 79' lang='grc' dir='ltr'>Ἔρωτα</span> <span class='ocrx_word' id='word_1_6' title='bbox 619 510 829 593; x_wconf 72' lang='grc' dir='ltr'>πανδαμάτορα</span> <span class='ocrx_word' id='word_1_7' title='bbox 848 504 974 575; x_wconf 92' lang='lat' dir='ltr'>coluere</span> <span class='ocrx_word' id='word_1_8' title='bbox 989 524 1115 575; x_wconf 87' lang='lat' dir='ltr'>veteres</span> <span class='ocrx_word' id='word_1_9' title='bbox 1132 530 1216 575; x_wconf 92' lang='lat' dir='ltr'>nos·</span> 
     </span>
     <span class='ocr_line' id='line_1_3' title="bbox 95 617 1216 711; baseline 0.005 -27"><span class='ocrx_word' id='word_1_10' title='bbox 95 617 136 684; x_wconf 91' lang='lat' dir='ltr'>tri</span> <span class='ocrx_word' id='word_1_11' title='bbox 153 635 279 705; x_wconf 87' lang='lat' dir='ltr'>poetae,</span> <span class='ocrx_word' id='word_1_12' title='bbox 298 641 356 687; x_wconf 90' lang='lat' dir='ltr'>nec</span> <span class='ocrx_word' id='word_1_13' title='bbox 377 620 551 702; x_wconf 84' lang='lat' dir='ltr'>Venerem,</span> <span class='ocrx_word' id='word_1_14' title='bbox 578 621 756 688; x_wconf 90' lang='lat' dir='ltr'>immanem</span> <span class='ocrx_word' id='word_1_15' title='bbox 780 618 868 688; x_wconf 91' lang='lat' dir='ltr'>illam</span> <span class='ocrx_word' id='word_1_16' title='bbox 892 618 997 703; x_wconf 88' lang='lat' dir='ltr'>deam,</span> <span class='ocrx_word' id='word_1_17' title='bbox 1024 645 1107 711; x_wconf 90' lang='lat' dir='ltr'>quae</span> <span class='ocrx_word' id='word_1_18' title='bbox 1130 644 1216 691; x_wconf 91' lang='lat' dir='ltr'>nun·</span> 
     </span>
     <span class='ocr_line' id='line_1_4' title="bbox 94 731 1218 824; baseline 0.005 -26"><span class='ocrx_word' id='word_1_19' title='bbox 94 754 191 820; x_wconf 87' lang='lat' dir='ltr'>quam</span> <span class='ocrx_word' id='word_1_20' title='bbox 210 733 319 800; x_wconf 89' lang='lat' dir='ltr'>satiata</span> <span class='ocrx_word' id='word_1_21' title='bbox 339 731 472 822; x_wconf 85' lang='lat' dir='ltr'>praedae</span> <span class='ocrx_word' id='word_1_22' title='bbox 492 732 600 802; x_wconf 86' lang='lat' dir='ltr'>haeret</span> <span class='ocrx_word' id='word_1_23' title='bbox 618 735 738 802; x_wconf 85' lang='lat' dir='ltr'>innixa.</span> <span class='ocrx_word' id='word_1_24' title='bbox 772 736 875 802; x_wconf 82' lang='lat' dir='ltr'>Amor</span> <span class='ocrx_word' id='word_1_25' title='bbox 901 733 946 824; x_wconf 92' lang='lat' dir='ltr'>(si</span> <span class='ocrx_word' id='word_1_26' title='bbox 964 736 1083 803; x_wconf 88' lang='lat' dir='ltr'>nostris</span> <span class='ocrx_word' id='word_1_27' title='bbox 1103 735 1218 805; x_wconf 83' lang='lat' dir='ltr'>credas</span> 
     </span>
     <span class='ocr_line' id='line_1_5' title="bbox 94 844 1216 938; baseline 0.004 -24"><span class='ocrx_word' id='word_1_28' title='bbox 94 844 216 936; x_wconf 91' lang='lat' dir='ltr'>poetis)</span> <span class='ocrx_word' id='word_1_29' title='bbox 241 850 413 936; x_wconf 88' lang='lat' dir='ltr'>propensio</span> <span class='ocrx_word' id='word_1_30' title='bbox 439 866 487 916; x_wconf 93' lang='lat' dir='ltr'>est</span> <span class='ocrx_word' id='word_1_31' title='bbox 509 847 679 938; x_wconf 85' lang='lat' dir='ltr'>quaedam,</span> <span class='ocrx_word' id='word_1_32' title='bbox 701 868 890 938; x_wconf 87' lang='lat' dir='ltr'>praepotens</span> <span class='ocrx_word' id='word_1_33' title='bbox 920 847 1061 937; x_wconf 89' lang='lat' dir='ltr'>quidem,</span> <span class='ocrx_word' id='word_1_34' title='bbox 1089 853 1216 919; x_wconf 90' lang='lat' dir='ltr'>ratione</span> 
     </span>
     <span class='ocr_line' id='line_1_6' title="bbox 93 961 1213 1053; baseline 0.004 -24"><span class='ocrx_word' id='word_1_35' title='bbox 93 980 200 1029; x_wconf 89' lang='lat' dir='ltr'>tamen</span> <span class='ocrx_word' id='word_1_36' title='bbox 219 961 317 1030; x_wconf 92' lang='lat' dir='ltr'>libere</span> <span class='ocrx_word' id='word_1_37' title='bbox 340 982 481 1052; x_wconf 87' lang='lat' dir='ltr'>accepta,</span> <span class='ocrx_word' id='word_1_38' title='bbox 504 981 536 1031; x_wconf 91' lang='lat' dir='ltr'>et</span> <span class='ocrx_word' id='word_1_39' title='bbox 560 987 623 1053; x_wconf 90' lang='lat' dir='ltr'>qua</span> <span class='ocrx_word' id='word_1_40' title='bbox 649 963 688 1030; x_wconf 90' lang='lat' dir='ltr'>ad</span> <span class='ocrx_word' id='word_1_41' title='bbox 713 962 845 1052; x_wconf 87' lang='lat' dir='ltr'>pulchra</span> <span class='ocrx_word' id='word_1_42' title='bbox 869 982 901 1031; x_wconf 91' lang='lat' dir='ltr'>et</span> <span class='ocrx_word' id='word_1_43' title='bbox 925 964 1009 1032; x_wconf 85' lang='lat' dir='ltr'>bona</span> <span class='ocrx_word' id='word_1_44' title='bbox 1036 962 1213 1034; x_wconf 85' lang='lat' dir='ltr'>allicimur.</span> 
     </span>
     <span class='ocr_line' id='line_1_7' title="bbox 96 1077 1214 1167; baseline 0.005 -27"><span class='ocrx_word' id='word_1_45' title='bbox 96 1103 113 1140; x_wconf 87' lang='lat'>«</span> <span class='ocrx_word' id='word_1_46' title='bbox 138 1078 325 1167; x_wconf 86' lang='lat' dir='ltr'>Nunquam,</span> <span class='ocrx_word' id='word_1_47' title='bbox 338 1079 380 1144; x_wconf 90' lang='lat' dir='ltr'>ait</span> <span class='ocrx_word' id='word_1_48' title='bbox 395 1077 594 1146; x_wconf 88' lang='lat' dir='ltr'>Christianus</span> <span class='ocrx_word' id='word_1_49' title='bbox 606 1078 831 1162; x_wconf 86' lang='lat' dir='ltr'>Tricassensis,</span> <span class='ocrx_word' id='word_1_50' title='bbox 848 1097 1043 1146; x_wconf 90' lang='lat' dir='ltr'>venenatum</span> <span class='ocrx_word' id='word_1_51' title='bbox 1055 1078 1214 1166; x_wconf 90' lang='lat' dir='ltr'>poculum</span> 
     </span>
     <span class='ocr_line' id='line_1_8' title="bbox 95 1191 1215 1281; baseline 0.002 -21"><span class='ocrx_word' id='word_1_52' title='bbox 95 1191 186 1260; x_wconf 89' lang='lat' dir='ltr'>hausi</span> <span class='ocrx_word' id='word_1_53' title='bbox 210 1215 275 1281; x_wconf 92' lang='lat' dir='ltr'>quo</span> <span class='ocrx_word' id='word_1_54' title='bbox 300 1192 470 1260; x_wconf 89' lang='lat' dir='ltr'>Tristanus</span> <span class='ocrx_word' id='word_1_55' title='bbox 500 1191 634 1262; x_wconf 84' lang='lat' dir='ltr'>infectus</span> <span class='ocrx_word' id='word_1_56' title='bbox 665 1211 746 1261; x_wconf 88' lang='lat' dir='ltr'>est:</span> <span class='ocrx_word' id='word_1_57' title='bbox 774 1211 927 1275; x_wconf 87' lang='lat' dir='ltr'>attamen,</span> <span class='ocrx_word' id='word_1_58' title='bbox 958 1192 1025 1260; x_wconf 91' lang='lat' dir='ltr'>sola</span> <span class='ocrx_word' id='word_1_59' title='bbox 1056 1191 1215 1262; x_wconf 84' lang='lat' dir='ltr'>suadente</span> 
     </span>
     <span class='ocr_line' id='line_1_9' title="bbox 94 1307 1214 1398; baseline 0.002 -23"><span class='ocrx_word' id='word_1_60' title='bbox 94 1307 256 1390; x_wconf 79' lang='lat' dir='ltr'>voluntate,</span> <span class='ocrx_word' id='word_1_61' title='bbox 270 1308 411 1375; x_wconf 89' lang='lat' dir='ltr'>vivacius</span> <span class='ocrx_word' id='word_1_62' title='bbox 430 1330 504 1375; x_wconf 89' lang='lat' dir='ltr'>amo</span> <span class='ocrx_word' id='word_1_63' title='bbox 524 1331 620 1398; x_wconf 88' lang='lat' dir='ltr'>quam</span> <span class='ocrx_word' id='word_1_64' title='bbox 640 1307 693 1375; x_wconf 90' lang='lat' dir='ltr'>ille</span> <span class='ocrx_word' id='word_1_65' title='bbox 706 1309 857 1376; x_wconf 77' lang='lat' dir='ltr'>amavit1.</span> <span class='ocrx_word' id='word_1_66' title='bbox 877 1333 893 1368; x_wconf 78' lang='lat' dir='ltr'>n</span> <span class='ocrx_word' id='word_1_67' title='bbox 910 1309 993 1394; x_wconf 84' lang='lat' dir='ltr'>Ergo</span> <span class='ocrx_word' id='word_1_68' title='bbox 1008 1330 1106 1376; x_wconf 93' lang='lat' dir='ltr'>nemo</span> <span class='ocrx_word' id='word_1_69' title='bbox 1120 1328 1214 1378; x_wconf 86' lang='lat' dir='ltr'>amat</span> 
     </span>
     <span class='ocr_line' id='line_1_10' title="bbox 95 1419 1210 1510; baseline 0.004 -22"><span class='ocrx_word' id='word_1_70' title='bbox 95 1422 157 1488; x_wconf 90' lang='lat' dir='ltr'>nisi</span> <span class='ocrx_word' id='word_1_71' title='bbox 176 1423 278 1489; x_wconf 88' lang='lat' dir='ltr'>amori</span> <span class='ocrx_word' id='word_1_72' title='bbox 298 1423 383 1509; x_wconf 92' lang='lat' dir='ltr'>prius</span> <span class='ocrx_word' id='word_1_73' title='bbox 395 1442 508 1510; x_wconf 89' lang='lat' dir='ltr'>sponte</span> <span class='ocrx_word' id='word_1_74' title='bbox 528 1444 672 1490; x_wconf 88' lang='lat' dir='ltr'>assensus</span> <span class='ocrx_word' id='word_1_75' title='bbox 692 1441 740 1490; x_wconf 92' lang='lat' dir='ltr'>est</span> <span class='ocrx_word' id='word_1_76' title='bbox 763 1444 800 1490; x_wconf 87' lang='lat' dir='ltr'>ac</span> <span class='ocrx_word' id='word_1_77' title='bbox 820 1419 954 1489; x_wconf 88' lang='lat' dir='ltr'>libenter</span> <span class='ocrx_word' id='word_1_78' title='bbox 968 1445 1081 1491; x_wconf 87' lang='lat' dir='ltr'>manus</span> <span class='ocrx_word' id='word_1_79' title='bbox 1103 1419 1210 1493; x_wconf 90' lang='lat' dir='ltr'>dedit.</span> 
     </span>
     <span class='ocr_line' id='line_1_11' title="bbox 93 1534 1258 1625; baseline 0.001 -21"><span class='ocrx_word' id='word_1_80' title='bbox 93 1534 229 1604; x_wconf 93' lang='lat' dir='ltr'>Nullum</span> <span class='ocrx_word' id='word_1_81' title='bbox 250 1534 333 1624; x_wconf 93' lang='lat' dir='ltr'>apud</span> <span class='ocrx_word' id='word_1_82' title='bbox 352 1535 449 1605; x_wconf 91' lang='lat' dir='ltr'>medii</span> <span class='ocrx_word' id='word_1_83' title='bbox 469 1538 537 1603; x_wconf 90' lang='lat' dir='ltr'>aevi</span> <span class='ocrx_word' id='word_1_84' title='bbox 559 1536 676 1625; x_wconf 90' lang='lat' dir='ltr'>lyricos</span> <span class='ocrx_word' id='word_1_85' title='bbox 704 1537 901 1625; x_wconf 91' lang='lat' dir='ltr'>perniciosae</span> <span class='ocrx_word' id='word_1_86' title='bbox 927 1534 1074 1604; x_wconf 91' lang='lat' dir='ltr'>dominae</span> <span class='ocrx_word' id='word_1_87' title='bbox 1098 1560 1218 1605; x_wconf 83' lang='lat' dir='ltr'>exem·</span> <span class='ocrx_word' id='word_1_88' title='bbox 1255 1558 1258 1565; x_wconf 82' lang='lat'>&#39;</span> 
     </span>
     <span class='ocr_line' id='line_1_12' title="bbox 95 1648 1215 1741; baseline 0.004 -25"><span class='ocrx_word' id='word_1_89' title='bbox 95 1649 161 1738; x_wconf 91' lang='lat' dir='ltr'>plar</span> <span class='ocrx_word' id='word_1_90' title='bbox 179 1651 329 1739; x_wconf 86' lang='lat' dir='ltr'>reperias,</span> <span class='ocrx_word' id='word_1_91' title='bbox 350 1648 434 1740; x_wconf 89' lang='lat' dir='ltr'>apud</span> <span class='ocrx_word' id='word_1_92' title='bbox 459 1653 655 1719; x_wconf 89' lang='lat' dir='ltr'>recentiores</span> <span class='ocrx_word' id='word_1_93' title='bbox 683 1652 853 1738; x_wconf 90' lang='lat' dir='ltr'>scriptores</span> <span class='ocrx_word' id='word_1_94' title='bbox 872 1651 946 1718; x_wconf 90' lang='lat' dir='ltr'>satis</span> <span class='ocrx_word' id='word_1_95' title='bbox 975 1652 1097 1732; x_wconf 90' lang='lat' dir='ltr'>tritum,</span> <span class='ocrx_word' id='word_1_96' title='bbox 1128 1675 1215 1741; x_wconf 90' lang='lat' dir='ltr'>quae</span> 
     </span>
     <span class='ocr_line' id='line_1_13' title="bbox 95 1763 1214 1854; baseline 0.002 -22"><span class='ocrx_word' id='word_1_97' title='bbox 95 1783 258 1833; x_wconf 88' lang='lat' dir='ltr'>amantem</span> <span class='ocrx_word' id='word_1_98' title='bbox 284 1766 369 1854; x_wconf 93' lang='lat' dir='ltr'>turpi</span> <span class='ocrx_word' id='word_1_99' title='bbox 391 1785 422 1832; x_wconf 95' lang='lat' dir='ltr'>et</span> <span class='ocrx_word' id='word_1_100' title='bbox 447 1763 640 1834; x_wconf 92' lang='lat' dir='ltr'>inenodabili</span> <span class='ocrx_word' id='word_1_101' title='bbox 669 1766 798 1833; x_wconf 88' lang='lat' dir='ltr'>vinculo</span> <span class='ocrx_word' id='word_1_102' title='bbox 828 1767 1027 1854; x_wconf 87' lang='lat' dir='ltr'>constringit,</span> <span class='ocrx_word' id='word_1_103' title='bbox 1050 1764 1214 1854; x_wconf 91' lang='lat' dir='ltr'>probroso</span> 
     </span>
     <span class='ocr_line' id='line_1_14' title="bbox 95 1877 1216 1971; baseline 0.002 -23"><span class='ocrx_word' id='word_1_104' title='bbox 95 1883 172 1968; x_wconf 85' lang='lat' dir='ltr'>jugo</span> <span class='ocrx_word' id='word_1_105' title='bbox 191 1883 318 1969; x_wconf 90' lang='lat' dir='ltr'>premit.</span> <span class='ocrx_word' id='word_1_106' title='bbox 342 1881 429 1951; x_wconf 90' lang='lat' dir='ltr'>Nam</span> <span class='ocrx_word' id='word_1_107' title='bbox 449 1879 503 1948; x_wconf 90' lang='lat' dir='ltr'>illa</span> <span class='ocrx_word' id='word_1_108' title='bbox 520 1881 588 1948; x_wconf 92' lang='lat' dir='ltr'>sola</span> <span class='ocrx_word' id='word_1_109' title='bbox 611 1899 736 1948; x_wconf 90' lang='lat' dir='ltr'>amatur</span> <span class='ocrx_word' id='word_1_110' title='bbox 761 1904 841 1970; x_wconf 88' lang='lat' dir='ltr'>quae</span> <span class='ocrx_word' id='word_1_111' title='bbox 860 1877 1046 1969; x_wconf 89' lang='lat' dir='ltr'>dignissima</span> <span class='ocrx_word' id='word_1_112' title='bbox 1065 1899 1113 1948; x_wconf 90' lang='lat' dir='ltr'>est</span> <span class='ocrx_word' id='word_1_113' title='bbox 1130 1905 1216 1971; x_wconf 90' lang='lat' dir='ltr'>quae</span> 
     </span>
     <span class='ocr_line' id='line_1_15' title="bbox 98 1993 1218 2085; baseline 0.002 -24"><span class='ocrx_word' id='word_1_114' title='bbox 98 2015 233 2077; x_wconf 88' lang='lat' dir='ltr'>ametur,</span> <span class='ocrx_word' id='word_1_115' title='bbox 251 2014 283 2063; x_wconf 93' lang='lat' dir='ltr'>et</span> <span class='ocrx_word' id='word_1_116' title='bbox 302 2016 426 2064; x_wconf 86' lang='lat' dir='ltr'>amatur</span> <span class='ocrx_word' id='word_1_117' title='bbox 444 1994 574 2085; x_wconf 90' lang='lat' dir='ltr'>perinde</span> <span class='ocrx_word' id='word_1_118' title='bbox 594 2014 771 2085; x_wconf 89' lang='lat' dir='ltr'>utcumque</span> <span class='ocrx_word' id='word_1_119' title='bbox 790 1997 890 2063; x_wconf 88' lang='lat' dir='ltr'>animi</span> <span class='ocrx_word' id='word_1_120' title='bbox 910 1995 1051 2077; x_wconf 88' lang='lat' dir='ltr'>dotibus,</span> <span class='ocrx_word' id='word_1_121' title='bbox 1072 1993 1218 2063; x_wconf 91' lang='lat' dir='ltr'>liberali·</span> 
     </span>
     <span class='ocr_line' id='line_1_16' title="bbox 95 2108 1215 2201; baseline -0.001 -23"><span class='ocrx_word' id='word_1_122' title='bbox 95 2128 170 2193; x_wconf 92' lang='lat' dir='ltr'>tate,</span> <span class='ocrx_word' id='word_1_123' title='bbox 188 2109 263 2195; x_wconf 93' lang='lat' dir='ltr'>fide,</span> <span class='ocrx_word' id='word_1_124' title='bbox 277 2114 428 2179; x_wconf 88' lang='lat' dir='ltr'>comitate</span> <span class='ocrx_word' id='word_1_125' title='bbox 443 2110 648 2201; x_wconf 88' lang='lat' dir='ltr'>praepolleat.</span> <span class='ocrx_word' id='word_1_126' title='bbox 661 2114 738 2181; x_wconf 92' lang='lat' dir='ltr'>Non</span> <span class='ocrx_word' id='word_1_127' title='bbox 752 2113 826 2198; x_wconf 86' lang='lat' dir='ltr'>quia</span> <span class='ocrx_word' id='word_1_128' title='bbox 840 2108 1007 2178; x_wconf 87' lang='lat' dir='ltr'>dominam</span> <span class='ocrx_word' id='word_1_129' title='bbox 1018 2108 1215 2200; x_wconf 87' lang='lat' dir='ltr'>proditionis</span> 
     </span>
     <span class='ocr_line' id='line_1_17' title="bbox 95 2223 1215 2315; baseline -0.001 -22"><span class='ocrx_word' id='word_1_130' title='bbox 95 2249 260 2314; x_wconf 90' lang='lat' dir='ltr'>nunquam</span> <span class='ocrx_word' id='word_1_131' title='bbox 278 2244 450 2315; x_wconf 89' lang='lat' dir='ltr'>arguerunt</span> <span class='ocrx_word' id='word_1_132' title='bbox 469 2225 566 2294; x_wconf 91' lang='lat' dir='ltr'>medii</span> <span class='ocrx_word' id='word_1_133' title='bbox 582 2227 650 2293; x_wconf 90' lang='lat' dir='ltr'>aevi</span> <span class='ocrx_word' id='word_1_134' title='bbox 670 2224 761 2313; x_wconf 88' lang='lat' dir='ltr'>lyrici</span> <span class='ocrx_word' id='word_1_135' title='bbox 783 2249 789 2290; x_wconf 95' lang='lat'><strong>:</strong></span> <span class='ocrx_word' id='word_1_136' title='bbox 808 2224 864 2293; x_wconf 92' lang='lat' dir='ltr'>sed</span> <span class='ocrx_word' id='word_1_137' title='bbox 884 2227 1009 2314; x_wconf 91' lang='lat' dir='ltr'>quoties</span> <span class='ocrx_word' id='word_1_138' title='bbox 1025 2223 1086 2291; x_wconf 90' lang='lat' dir='ltr'>hoc</span> <span class='ocrx_word' id='word_1_139' title='bbox 1101 2223 1215 2293; x_wconf 90' lang='lat' dir='ltr'>thema</span> 
     </span>
     <span class='ocr_line' id='line_1_18' title="bbox 95 2336 1216 2429; baseline -0.003 -20"><span class='ocrx_word' id='word_1_140' title='bbox 95 2359 255 2429; x_wconf 86' lang='lat' dir='ltr'>repetunt,</span> <span class='ocrx_word' id='word_1_141' title='bbox 277 2342 371 2409; x_wconf 92' lang='lat' dir='ltr'>toties</span> <span class='ocrx_word' id='word_1_142' title='bbox 384 2339 501 2409; x_wconf 92' lang='lat' dir='ltr'>eodem</span> <span class='ocrx_word' id='word_1_143' title='bbox 511 2341 651 2408; x_wconf 90' lang='lat' dir='ltr'>carmine</span> <span class='ocrx_word' id='word_1_144' title='bbox 672 2337 809 2429; x_wconf 86' lang='lat' dir='ltr'>perfidae</span> <span class='ocrx_word' id='word_1_145' title='bbox 828 2337 1021 2407; x_wconf 88' lang='lat' dir='ltr'>valedicunt.</span> <span class='ocrx_word' id='word_1_146' title='bbox 1043 2338 1106 2406; x_wconf 90' lang='lat' dir='ltr'>Ubi</span> <span class='ocrx_word' id='word_1_147' title='bbox 1124 2336 1216 2407; x_wconf 82' lang='lat' dir='ltr'>frau-</span> 
     </span>
     <span class='ocr_line' id='line_1_19' title="bbox 97 2451 1217 2545; baseline -0.001 -23"><span class='ocrx_word' id='word_1_148' title='bbox 97 2453 174 2523; x_wconf 90' lang='lat' dir='ltr'>dem</span> <span class='ocrx_word' id='word_1_149' title='bbox 199 2457 408 2545; x_wconf 88' lang='lat' dir='ltr'>suspicantur,</span> <span class='ocrx_word' id='word_1_150' title='bbox 440 2457 581 2544; x_wconf 89' lang='lat' dir='ltr'>priscum</span> <span class='ocrx_word' id='word_1_151' title='bbox 616 2455 772 2523; x_wconf 88' lang='lat' dir='ltr'>amicitiae</span> <span class='ocrx_word' id='word_1_152' title='bbox 802 2472 932 2542; x_wconf 89' lang='lat' dir='ltr'>pactum</span> <span class='ocrx_word' id='word_1_153' title='bbox 959 2451 1151 2521; x_wconf 89' lang='lat' dir='ltr'>denuntiant</span> <span class='ocrx_word' id='word_1_154' title='bbox 1183 2472 1217 2522; x_wconf 92' lang='lat' dir='ltr'>et</span> 
     </span>
     <span class='ocr_line' id='line_1_20' title="bbox 97 2566 1215 2657; baseline -0.002 -19"><span class='ocrx_word' id='word_1_155' title='bbox 97 2568 266 2639; x_wconf 90' lang='lat' dir='ltr'>dirimunt.</span> <span class='ocrx_word' id='word_1_156' title='bbox 293 2572 364 2637; x_wconf 90' lang='lat' dir='ltr'>Hoc</span> <span class='ocrx_word' id='word_1_157' title='bbox 383 2571 467 2637; x_wconf 90' lang='lat' dir='ltr'>iners</span> <span class='ocrx_word' id='word_1_158' title='bbox 496 2587 528 2638; x_wconf 94' lang='lat' dir='ltr'>et</span> <span class='ocrx_word' id='word_1_159' title='bbox 551 2569 663 2638; x_wconf 89' lang='lat' dir='ltr'>servile</span> <span class='ocrx_word' id='word_1_160' title='bbox 683 2566 811 2636; x_wconf 86' lang='lat' dir='ltr'>amandi</span> <span class='ocrx_word' id='word_1_161' title='bbox 839 2592 953 2657; x_wconf 92' lang='lat' dir='ltr'>genus,</span> <span class='ocrx_word' id='word_1_162' title='bbox 980 2591 1044 2657; x_wconf 90' lang='lat' dir='ltr'>quo</span> <span class='ocrx_word' id='word_1_163' title='bbox 1070 2569 1215 2636; x_wconf 90' lang='lat' dir='ltr'>sincerus</span> 
     </span>
     <span class='ocr_line' id='line_1_21' title="bbox 96 2683 1215 2774; baseline -0.001 -22"><span class='ocrx_word' id='word_1_164' title='bbox 96 2687 269 2753; x_wconf 88' lang='lat' dir='ltr'>insincerae</span> <span class='ocrx_word' id='word_1_165' title='bbox 302 2683 459 2773; x_wconf 88' lang='lat' dir='ltr'>alligatur,</span> <span class='ocrx_word' id='word_1_166' title='bbox 488 2707 649 2773; x_wconf 92' lang='lat' dir='ltr'>respuere,</span> <span class='ocrx_word' id='word_1_167' title='bbox 680 2684 732 2754; x_wconf 91' lang='lat' dir='ltr'>vel</span> <span class='ocrx_word' id='word_1_168' title='bbox 761 2686 868 2774; x_wconf 91' lang='lat' dir='ltr'>potius</span> <span class='ocrx_word' id='word_1_169' title='bbox 897 2686 1097 2773; x_wconf 88' lang='lat' dir='ltr'>ignoravere.</span> <span class='ocrx_word' id='word_1_170' title='bbox 1132 2684 1215 2753; x_wconf 92' lang='lat' dir='ltr'>Non</span> 
     </span>
     <span class='ocr_line' id='line_1_22' title="bbox 98 2795 1216 2889; baseline -0.001 -22"><span class='ocrx_word' id='word_1_171' title='bbox 98 2799 205 2868; x_wconf 94' lang='lat' dir='ltr'>medio</span> <span class='ocrx_word' id='word_1_172' title='bbox 218 2823 296 2868; x_wconf 92' lang='lat' dir='ltr'>aevo</span> <span class='ocrx_word' id='word_1_173' title='bbox 316 2798 431 2868; x_wconf 90' lang='lat' dir='ltr'>accidit</span> <span class='ocrx_word' id='word_1_174' title='bbox 449 2839 493 2848; x_wconf 91' lang='lat'><em>-</em></span> <span class='ocrx_word' id='word_1_175' title='bbox 511 2823 693 2889; x_wconf 89' lang='lat' dir='ltr'>quanquam</span> <span class='ocrx_word' id='word_1_176' title='bbox 709 2799 786 2866; x_wconf 87' lang='lat' dir='ltr'>haec</span> <span class='ocrx_word' id='word_1_177' title='bbox 801 2817 849 2866; x_wconf 90' lang='lat' dir='ltr'>est</span> <span class='ocrx_word' id='word_1_178' title='bbox 870 2797 1055 2887; x_wconf 86' lang='lat' dir='ltr'>pervulgata</span> <span class='ocrx_word' id='word_1_179' title='bbox 1074 2795 1216 2866; x_wconf 90' lang='lat' dir='ltr'>erudito·</span> 
     </span>
     <span class='ocr_line' id='line_1_23' title="bbox 99 2912 1213 3002; baseline -0.001 -20"><span class='ocrx_word' id='word_1_180' title='bbox 99 2937 171 2982; x_wconf 92' lang='lat' dir='ltr'>rum</span> <span class='ocrx_word' id='word_1_181' title='bbox 197 2916 308 3002; x_wconf 93' lang='lat' dir='ltr'>opinio</span> <span class='ocrx_word' id='word_1_182' title='bbox 331 2953 375 2963; x_wconf 92' lang='lat'><strong>—</strong></span> <span class='ocrx_word' id='word_1_183' title='bbox 402 2932 437 2984; x_wconf 93' lang='lat' dir='ltr'>ut</span> <span class='ocrx_word' id='word_1_184' title='bbox 461 2915 592 2996; x_wconf 83' lang='lat' dir='ltr'>femina,</span> <span class='ocrx_word' id='word_1_185' title='bbox 622 2916 764 2982; x_wconf 88' lang='lat' dir='ltr'>numinis</span> <span class='ocrx_word' id='word_1_186' title='bbox 787 2915 884 2982; x_wconf 85' lang='lat' dir='ltr'>instar</span> <span class='ocrx_word' id='word_1_187' title='bbox 908 2915 942 2980; x_wconf 94' lang='lat' dir='ltr'>in</span> <span class='ocrx_word' id='word_1_188' title='bbox 966 2912 1087 2980; x_wconf 89' lang='lat' dir='ltr'>coelum</span> <span class='ocrx_word' id='word_1_189' title='bbox 1115 2912 1213 2996; x_wconf 89' lang='lat' dir='ltr'>elata,</span> 
     </span>
     <span class='ocr_line' id='line_1_24' title="bbox 98 3026 1219 3121; baseline -0.004 -24"><span class='ocrx_word' id='word_1_190' title='bbox 98 3032 188 3121; x_wconf 90' lang='lat' dir='ltr'>quasi</span> <span class='ocrx_word' id='word_1_191' title='bbox 206 3031 443 3098; x_wconf 89' lang='lat' dir='ltr'>consecratione</span> <span class='ocrx_word' id='word_1_192' title='bbox 458 3027 518 3098; x_wconf 92' lang='lat' dir='ltr'>diis</span> <span class='ocrx_word' id='word_1_193' title='bbox 531 3049 727 3119; x_wconf 89' lang='lat' dir='ltr'>aequaretur.</span> <span class='ocrx_word' id='word_1_194' title='bbox 746 3030 826 3097; x_wconf 90' lang='lat' dir='ltr'>Sunt</span> <span class='ocrx_word' id='word_1_195' title='bbox 839 3026 1014 3110; x_wconf 86' lang='lat' dir='ltr'>maleficae,</span> <span class='ocrx_word' id='word_1_196' title='bbox 1032 3045 1107 3094; x_wconf 91' lang='lat' dir='ltr'>sunt</span> <span class='ocrx_word' id='word_1_197' title='bbox 1125 3049 1219 3115; x_wconf 92' lang='lat' dir='ltr'>sper·</span> 
     </span>
     <span class='ocr_line' id='line_1_25' title="bbox 99 3142 1218 3235; baseline -0.004 -21"><span class='ocrx_word' id='word_1_198' title='bbox 99 3143 222 3214; x_wconf 90' lang='lat' dir='ltr'>nendae</span> <span class='ocrx_word' id='word_1_199' title='bbox 259 3164 291 3214; x_wconf 93' lang='lat' dir='ltr'>et</span> <span class='ocrx_word' id='word_1_200' title='bbox 320 3167 428 3214; x_wconf 91' lang='lat' dir='ltr'>revera</span> <span class='ocrx_word' id='word_1_201' title='bbox 455 3165 576 3235; x_wconf 89' lang='lat' dir='ltr'>spretae</span> <span class='ocrx_word' id='word_1_202' title='bbox 612 3144 763 3212; x_wconf 84' lang='lat' dir='ltr'>feminae.</span> <span class='ocrx_word' id='word_1_203' title='bbox 798 3145 875 3212; x_wconf 90' lang='lat' dir='ltr'>Non</span> <span class='ocrx_word' id='word_1_204' title='bbox 905 3142 1073 3222; x_wconf 84' lang='lat' dir='ltr'>feminam,</span> <span class='ocrx_word' id='word_1_205' title='bbox 1102 3159 1218 3231; x_wconf 91' lang='lat' dir='ltr'>utpote</span> 
     </span>
     <span class='ocr_line' id='line_1_26' title="bbox 101 3255 1218 3342; baseline -0.004 -13"><span class='ocrx_word' id='word_1_206' title='bbox 101 3280 211 3329; x_wconf 88' lang='lat' dir='ltr'>natura</span> <span class='ocrx_word' id='word_1_207' title='bbox 238 3259 366 3342; x_wconf 90' lang='lat' dir='ltr'>bonam,</span> <span class='ocrx_word' id='word_1_208' title='bbox 400 3262 489 3328; x_wconf 90' lang='lat' dir='ltr'>cultu</span> <span class='ocrx_word' id='word_1_209' title='bbox 518 3258 716 3328; x_wconf 90' lang='lat' dir='ltr'>honoravere</span> <span class='ocrx_word' id='word_1_210' title='bbox 746 3256 846 3325; x_wconf 92' lang='lat' dir='ltr'>medii</span> <span class='ocrx_word' id='word_1_211' title='bbox 874 3259 943 3325; x_wconf 92' lang='lat' dir='ltr'>aevi</span> <span class='ocrx_word' id='word_1_212' title='bbox 967 3256 1127 3338; x_wconf 92' lang='lat' dir='ltr'>homines,</span> <span class='ocrx_word' id='word_1_213' title='bbox 1160 3255 1218 3325; x_wconf 92' lang='lat' dir='ltr'>sed</span> 
     </span>
     <span class='ocr_line' id='line_1_27' title="bbox 101 3369 1219 3459; baseline -0.006 -17"><span class='ocrx_word' id='word_1_214' title='bbox 101 3372 282 3456; x_wconf 90' lang='lat' dir='ltr'>dominam,</span> <span class='ocrx_word' id='word_1_215' title='bbox 299 3397 337 3441; x_wconf 86' lang='lat' dir='ltr'>ex</span> <span class='ocrx_word' id='word_1_216' title='bbox 346 3373 478 3442; x_wconf 90' lang='lat' dir='ltr'>definito</span> <span class='ocrx_word' id='word_1_217' title='bbox 488 3373 607 3442; x_wconf 90' lang='lat' dir='ltr'>bonam</span> <span class='ocrx_word' id='word_1_218' title='bbox 625 3398 633 3441; x_wconf 74' lang='grc' dir='ltr'>ε</span> <span class='ocrx_word' id='word_1_219' title='bbox 650 3396 726 3439; x_wconf 92' lang='lat' dir='ltr'>nam</span> <span class='ocrx_word' id='word_1_220' title='bbox 741 3395 776 3440; x_wconf 92' lang='lat' dir='ltr'>ea</span> <span class='ocrx_word' id='word_1_221' title='bbox 793 3371 862 3439; x_wconf 90' lang='lat' dir='ltr'>sola</span> <span class='ocrx_word' id='word_1_222' title='bbox 872 3391 996 3440; x_wconf 86' lang='lat' dir='ltr'>amatur</span> <span class='ocrx_word' id='word_1_223' title='bbox 1009 3372 1099 3459; x_wconf 87' lang='lat' dir='ltr'>cujus</span> <span class='ocrx_word' id='word_1_224' title='bbox 1114 3369 1219 3436; x_wconf 85' lang='lat' dir='ltr'>excel·</span> 
     </span>
     <span class='ocr_line' id='line_1_28' title="bbox 100 3488 890 3577; baseline -0.005 -21"><span class='ocrx_word' id='word_1_225' title='bbox 100 3489 210 3574; x_wconf 89' lang='lat' dir='ltr'>lentia,</span> <span class='ocrx_word' id='word_1_226' title='bbox 230 3488 330 3558; x_wconf 91' lang='lat' dir='ltr'>libero</span> <span class='ocrx_word' id='word_1_227' title='bbox 345 3491 463 3557; x_wconf 90' lang='lat' dir='ltr'>mentis</span> <span class='ocrx_word' id='word_1_228' title='bbox 482 3511 654 3570; x_wconf 90' lang='lat' dir='ltr'>consensu,</span> <span class='ocrx_word' id='word_1_229' title='bbox 672 3488 760 3577; x_wconf 92' lang='lat' dir='ltr'>prius</span> <span class='ocrx_word' id='word_1_230' title='bbox 773 3488 890 3574; x_wconf 84' lang='lat' dir='ltr'>agnita.</span> 
     </span>
    </p>
   </div>
   <div class='ocr_carea' id='block_1_3' title="bbox 141 3693 779 3935">
    <p class='ocr_par' dir='ltr' id='par_1_3' title="bbox 141 3693 779 3935">
     <span class='ocr_line' id='line_1_29' title="bbox 141 3693 698 3767; baseline -0.005 -17"><span class='ocrx_word' id='word_1_231' title='bbox 141 3712 168 3753; x_wconf 95' lang='lat'>1.</span> <span class='ocrx_word' id='word_1_232' title='bbox 315 3694 408 3750; x_wconf 88' lang='lat' dir='ltr'>Onkes</span> <span class='ocrx_word' id='word_1_233' title='bbox 421 3695 465 3749; x_wconf 92' lang='lat' dir='ltr'>del</span> <span class='ocrx_word' id='word_1_234' title='bbox 480 3695 593 3767; x_wconf 87' lang='lat' dir='ltr'>bevrage</span> <span class='ocrx_word' id='word_1_235' title='bbox 606 3710 640 3748; x_wconf 93' lang='lat' dir='ltr'>ne</span> <span class='ocrx_word' id='word_1_236' title='bbox 652 3693 698 3747; x_wconf 91' lang='lat' dir='ltr'>bui</span> 
     </span>
     <span class='ocr_line' id='line_1_30' title="bbox 312 3777 779 3849; baseline -0.006 -16"><span class='ocrx_word' id='word_1_237' title='bbox 312 3780 388 3834; x_wconf 88' lang='lat' dir='ltr'>Dont</span> <span class='ocrx_word' id='word_1_238' title='bbox 396 3778 517 3833; x_wconf 88' lang='lat' dir='ltr'>Tristans</span> <span class='ocrx_word' id='word_1_239' title='bbox 529 3777 558 3832; x_wconf 87' lang='lat' dir='ltr'>fu</span> <span class='ocrx_word' id='word_1_240' title='bbox 571 3778 779 3849; x_wconf 79' lang='lat' dir='ltr'>empoisonnes3</span> 
     </span>
     <span class='ocr_line' id='line_1_31' title="bbox 313 3859 770 3935; baseline -0.007 -19"><span class='ocrx_word' id='word_1_241' title='bbox 313 3863 382 3917; x_wconf 87' lang='lat' dir='ltr'>Mais</span> <span class='ocrx_word' id='word_1_242' title='bbox 396 3863 455 3935; x_wconf 86' lang='lat' dir='ltr'>plus</span> <span class='ocrx_word' id='word_1_243' title='bbox 469 3879 513 3917; x_wconf 91' lang='lat' dir='ltr'>me</span> <span class='ocrx_word' id='word_1_244' title='bbox 523 3860 569 3915; x_wconf 87' lang='lat' dir='ltr'>fait</span> <span class='ocrx_word' id='word_1_245' title='bbox 582 3877 655 3916; x_wconf 89' lang='lat' dir='ltr'>amer</span> <span class='ocrx_word' id='word_1_246' title='bbox 669 3877 721 3932; x_wconf 91' lang='lat' dir='ltr'>que</span> <span class='ocrx_word' id='word_1_247' title='bbox 733 3859 770 3914; x_wconf 91' lang='lat' dir='ltr'>lui</span> 
     </span>
    </p>
   </div>
   <div class='ocr_carea' id='block_1_4' title="bbox 315 3945 1165 4082">
    <p class='ocr_par' dir='ltr' id='par_1_4' title="bbox 315 3945 1165 4082">
     <span class='ocr_line' id='line_1_32' title="bbox 315 3945 678 4002; baseline -0.006 -2"><span class='ocrx_word' id='word_1_248' title='bbox 315 3947 413 4002; x_wconf 87' lang='lat' dir='ltr'>Amors</span> <span class='ocrx_word' id='word_1_249' title='bbox 428 3958 454 4001; x_wconf 91' lang='lat' dir='ltr'>et</span> <span class='ocrx_word' id='word_1_250' title='bbox 466 3946 535 4000; x_wconf 91' lang='lat' dir='ltr'>bone</span> <span class='ocrx_word' id='word_1_251' title='bbox 548 3945 678 3999; x_wconf 84' lang='lat' dir='ltr'>volentes.</span> 
     </span>
     <span class='ocr_line' id='line_1_33' title="bbox 944 4010 1165 4082; baseline -0.014 -16"><span class='ocrx_word' id='word_1_252' title='bbox 944 4010 1050 4082; x_wconf 83' lang='lat' dir='ltr'>(Wack,</span> <span class='ocrx_word' id='word_1_253' title='bbox 1062 4027 1088 4082; x_wconf 89' lang='lat' dir='ltr'>p.</span> <span class='ocrx_word' id='word_1_254' title='bbox 1108 4010 1165 4079; x_wconf 89' lang='lat'>18.)</span> 
     </span>
    </p>
   </div>
   <div class='ocr_carea' id='block_1_5' title="bbox 19 4362 190 4672">
    <p class='ocr_par' dir='ltr' id='par_1_5' title="bbox 19 4362 190 4672">
     <span class='ocr_line' id='line_1_34' title="bbox 19 4362 190 4672; baseline 0 0"><span class='ocrx_word' id='word_1_255' title='bbox 19 4362 190 4672; x_wconf 58' lang='grc' dir='ltr'>Χ</span> 
     </span>
    </p>
   </div>
   <div class='ocr_carea' id='block_1_6' title="bbox 0 0 1405 4980">
    <p class='ocr_par' dir='ltr' id='par_1_6' title="bbox 0 0 1405 4980">
     <span class='ocr_line' id='line_1_35' title="bbox 0 0 1405 4980; baseline 0 0"><span class='ocrx_word' id='word_1_256' title='bbox 0 0 1405 4980; x_wconf 95' lang='lat' dir='ltr'> </span> 
     </span>
    </p>
   </div>
  </div>
 </body>
</html>
