2782 4980
568 435 744 524 ⁶⁶7·-

127 572 227 650 ¹Nam
246 580 281 646 in
299 579 440 646 carmine
458 578 502 661 X,
524 577 611 668 quod
631 577 785 647 Nicolaus
807 578 962 645 nimirum
982 577 1119 664 scripsit,
1145 599 1211 644 sex·

95 693 202 762 decim
217 695 353 782 reperire
372 712 420 761 est
437 715 590 761 versuum
609 691 775 775 clausulas,
799 691 837 760 ad
853 690 1014 781 exemplar
1036 688 1211 759 verborum

95 811 186 890 amir,
213 809 339 897 espanic,
355 805 485 897 florie...
514 807 713 889 informatas,
740 806 829 874 nulla
846 826 954 874 autem
974 807 1149 895 participia,
1176 805 1211 873 in

97 921 345 1012 triphthongum
364 924 404 990 iu
421 922 599 990 terminata.
622 923 693 989 Pari
706 939 816 991 autern
832 922 954 989 ratione
973 939 1123 1010 poemata
1137 941 1212 988 con·

97 1036 212 1104 ferenti
227 1059 308 1127 quae
322 1034 389 1104 sola
404 1036 581 1104 scribarum
599 1034 663 1103 fide
675 1037 797 1104 auctori
813 1054 926 1104 nostro
945 1054 1020 1103 sunt
1038 1036 1209 1124 assignata,

98 1168 174 1219 octo
196 1169 369 1220 occurrunt
393 1151 428 1218 in
454 1151 595 1219 carmine
623 1152 719 1219 tertio
731 1149 895 1233 vocabula,
923 1149 1075 1218 undecim
1090 1150 1124 1217 in
1148 1172 1214 1217 car·

98 1267 189 1333 mine
207 1268 333 1355 quint0,
347 1265 489 1355 quinque
501 1266 536 1332 in
550 1267 692 1333 carmine
701 1284 827 1348 octavo,
849 1262 1010 1332 sexdecim
1025 1266 1060 1332 in
1073 1265 1213 1332 carmine

97 1376 301 1460 duodecimo,
331 1380 365 1446 in
398 1397 505 1447 totum
535 1401 590 1446 sex
618 1397 650 1446 et
682 1380 914 1468 quinquaginta
948 1377 1103 1448 vocabula
1132 1402 1214 1468 quae

98 1494 211 1562 omnia
228 1517 295 1562 non
307 1493 553 1583 participialium
571 1492 742 1562 verborum
757 1512 795 1561 ut
819 1493 919 1576 brisie,
947 1494 1060 1576 huchie,
1083 1494 1213 1578 chaucie,

97 1610 273 1691 correcic...,
296 1607 352 1676 sed
368 1606 602 1676 vocabulorum
618 1609 769 1698 acomplie,
784 1610 853 1692 mie,
873 1609 976 1691 Surie,
995 1610 1053 1692 vie,
1073 1610 1214 1696 seignorie

98 1730 159 1806 ai'e,
172 1725 265 1805 cavie,
280 1741 371 1791 etc...
389 1721 635 1791 similitudinem
650 1722 799 1792 referunt.

143 1840 242 1929 Atqui
260 1840 294 1906 in
310 1841 434 1928 poetico
447 1839 622 1906 certamine
637 1861 655 1905 a
672 1837 809 1908 Nicolao
824 1859 855 1905 et
867 1836 988 1924 Jacobo
1004 1837 1216 1906 Ambianensi

98 1953 227 2042 incepto
241 1951 335 2042 (Xl),
356 1954 439 2021 inter
452 1950 609 2021 vocabula
619 1955 723 2036 servit,
740 1955 808 2035 mic,
823 1959 882 2035 aie,
903 1952 1032 2036 drucric,
1040 1953 1096 2041 fic,
1111 1953 1219 2041 depar-

99 2069 138 2135 tic
167 2068 371 2157 participium
397 2070 492 2158 proiit
516 2088 584 2135 non
611 2070 680 2136 sine
701 2067 913 2137 admiratione
947 2068 1088 2159 quadam
1118 2067 1218 2137 offen·

101 2180 171 2250 des.

142 2296 236 2366 Num
255 2319 322 2374 ase
340 2298 411 2385 ipso
429 2295 559 2365 dissidet
578 2296 755 2366 Nicolaus?
778 2296 917 2364 Minime
938 2295 1111 2387 equidem3
1136 2319 1217 2364 nam

99 2409 266 2500 stropham
289 2412 340 2480 cui
366 2409 560 2480 vocabulum
575 2413 671 2500 proiie
698 2413 856 2480 insertum
885 2430 933 2479 est
963 2435 1031 2480 non
1063 2410 1216 2481 Nicolaus

99 2523 256 2605 condidit,
277 2524 332 2593 sed
351 2526 378 2592 is
403 2526 535 2614 quicum
555 2525 704 2609 certabat,
731 2524 870 2612 Jacobus
889 2524 954 2608 ille,
980 2526 1036 2615 qui
1060 2525 1214 2616 legitime,

100 2657 212 2728 utpote
231 2639 270 2707 ab
286 2639 455 2707 Ambianis
471 2639 642 2722 oriundus,
664 2640 914 2730 triphthongum
936 2641 976 2708 iu
998 2639 1215 2709 contrahebat.

144 2740 223 2841 IV.)
238 2755 272 2823 Si
290 2773 440 2844 poemata
452 2753 592 2824 Nicolao
610 2774 682 2823 turn
696 2774 781 2823 certe
795 2778 871 2825 curn
883 2756 1002 2823 incerte
1017 2754 1135 2824 tributa
1153 2778 1218 2822 res·

100 2868 237 2957 perceris,
255 2890 294 2935 ex
309 2866 451 2957 pluribus
469 2891 621 2937 versuum
638 2868 786 2937 clausulis
807 2888 893 2958 patet
920 2868 1160 2958 diphthongum
1187 2871 1220 2936 ai

100 2984 136 3049 in
161 3005 262 3051 unum
290 3005 410 3051 sonum
439 3007 454 3050 c
481 3007 549 3051 non
570 2983 760 3065 coalescere,
789 2981 822 3050 id
850 3002 897 3051 est
923 2982 1079 3052 vocabula
1111 2997 1216 3065 mutet,

101 3097 240 3179 nmtinet,
266 3097 374 3181 verder,
400 3111 551 3181 anurosct,
578 3111 636 3165 mn
665 3116 698 3165 et
726 3095 881 3166 vocabula
903 3099 978 3184 fait,
1014 3099 1112 3166 tait...
1150 3122 1218 3166 non

100 3209 254 3279 eumdem
279 3210 394 3279 referre
424 3213 458 3279 in
483 3210 626 3280 cadendo
654 3234 785 3292 sonum,
820 3233 879 3279 nec
902 3211 1057 3280 vocabula
1077 3214 1215 3302 puccletc,

102 3338 269 3393 anwrete...
286 3324 544 3417 vocabulumque
562 3326 688 3394 deshat'te
701 3324 848 3393 similiter
864 3323 1022 3395 desinere.

151 3437 215 3528 V.)
234 3441 287 3507 An
303 3438 398 3508 verba
412 3441 446 3508 in
461 3439 601 3509 litteram
615 3464 631 3508 s
647 3459 679 3508 et
690 3439 786 3509 verba
800 3442 834 3508 in
854 3439 995 3508 litteram
1013 3439 1221 3526 (desinentia

104 3551 191 3642 apud
221 3553 398 3623 Nicolaum
419 3556 535 3644 pariter
561 3557 805 3636 consonuerint,
844 3579 862 3622 e
890 3575 1027 3646 quatuor
1068 3557 1216 3623 carmini·

104 3667 163 3735 bus
179 3665 217 3734 ab
236 3690 275 3736 eo
304 3670 461 3736 nimirum
481 3671 667 3757 compositis
694 3667 783 3737 nulla
802 3687 928 3759 praesto
947 3688 995 3737 est
1020 3667 1218 3758 dijudicandi

104 3780 249 3849 facultas.
266 3783 303 3850 ln
319 3784 461 3850 carmine
476 3801 585 3851 autem
599 3784 640 3866 11,
657 3785 740 3850 inter
761 3782 853 3873 plura
871 3785 1005 3851 nomina
1027 3784 1061 3850 in
1082 3783 1222 3851 litteram

102 3919 118 3964 s
136 3896 228 3963 finita
246 3893 364 3984 (eschir,
375 3899 434 3982 vis,
450 3899 519 3980 mis,
533 3899 612 3981 avis,
629 3899 697 3987 pris
711 3895 913 3987 (prehensus),
925 3898 1010 3986 jolis,
1024 3901 1115 3981 amis,
1128 3899 1219 3980 denis,

103 4013 161 4093 ris,
177 4011 262 4099 jolis,
279 4011 387 4101 plevis,
411 4014 514 4095 Paris,
536 4035 657 4079 nomen
673 4015 746 4100 priz
770 4011 935 4101 (pretium)
957 4010 1110 4093 offendes,
1136 4012 1223 4102 quod
