2782 4980
597 379 794 431 -110-

425 504 459 571 Si
477 507 540 571 tres
554 502 828 587 debonairement‚

426 617 466 683 Se
479 616 502 683 li
516 617 625 684 siecles
642 639 675 683 se
695 639 818 705 repent,

423 729 508 798 Nule
524 732 606 798 riens
624 733 654 817 je
673 730 748 798 n'en
768 730 914 810 donroie‚

425 844 499 924 Que
516 843 600 912 bone
615 866 721 911 amors
737 868 788 912 me
807 843 931 913 desfent

426 959 501 1039 Que
516 958 546 1044 ja
564 956 645 1025 n'aie
661 981 735 1026 cuer
750 956 871 1026 dolent.

688 1069 703 1104 *

672 1123 718 1160 Η

426 1186 543 1252 Amors
556 1184 714 1272 m’aprent
728 1203 759 1252 et
778 1184 918 1253 chastoie

425 1297 512 1366 D'un
531 1316 604 1387 trop
620 1297 669 1365 bel
684 1298 906 1383 chastiement,

426 1410 537 1492 Qu'en
551 1413 743 1500 compagnie
757 1436 798 1480 ne
817 1415 904 1481 voise

428 1526 478 1593 De
491 1525 565 1593 nule
580 1527 741 1594 mauvaise
756 1545 832 1614 gent
841 1552 850 1610 ;

426 1639 489 1706 Car
501 1637 540 1706 de
554 1638 604 1705 lor
617 1640 832 1708 acointement

426 1751 525 1820 Anul
537 1754 587 1840 jor
601 1754 704 1821 miens
718 1776 758 1821 ne
774 1752 927 1821 vaudroie
944 1778 952 1821 ε

424 1864 450 1932 Il
465 1884 539 1933 sont
557 1864 596 1933 de
610 1865 656 1933 fol
673 1868 792 1935 escient
801 1893 811 1949 ;

429 1980 480 2044 Au
496 1977 599 2046 diable
613 1977 658 2047 les
673 1999 813 2048 comant.

689 2091 704 2126 *

673 2146 719 2181 Η

427 2206 467 2272 Se
479 2205 566 2293 j'iere
578 2207 681 2288 Deus,
701 2208 730 2294 je
742 2205 841 2273 seroie

426 2320 470 2386 Le
483 2317 577 2386 siecle
596 2337 644 2386 tot
658 2337 848 2401 autrement,

175 2496 208 2551 V.
226 2509 267 2561 14,
282 2495 343 2548 Pb¹²
356 2495 380 2547 ie
394 2495 422 2547 ni
433 2494 554 2549 donroie.
572 2525 606 2534 —
622 2495 657 2549 V.
677 2509 718 2563 15,
734 2496 766 2549 ke
780 2495 850 2550 bone
868 2513 954 2551 amor.
970 2525 1005 2535 -
1019 2495 1053 2549 V.
1074 2494 1115 2560 16,
1130 2495 1163 2547 Β2
1182 2495 1214 2547 ke
1228 2496 1252 2547 ie

140 2579 215 2645 naie;
235 2579 277 2643 B2,
291 2578 351 2630 ΡΨ
360 2577 460 2631 dolant.
470 2609 504 2619 —
517 2579 551 2632 V.
573 2593 614 2648 17,
630 2578 662 2631 B²
674 2592 795 2649 maprant
808 2591 834 2633 et
848 2579 983 2633 chaistoie.
996 2609 1029 2618 —
1043 2579 1078 2632 V.
1098 2579 1139 2643 18,
1156 2578 1187 2629 Β2
1196 2578 1253 2631 dun

139 2673 197 2731 trop
208 2659 249 2713 bel
262 2661 456 2713 chaistiement.
473 2691 506 2701 -
515 2661 554 2730 ,V.
573 2677 615 2732 19,
629 2661 670 2728 B²‚
684 2661 745 2714 ΡΨ
760 2662 812 2714 ken
824 2662 1001 2732 compaignie.
1016 2691 1052 2701 —
1062 2660 1097 2714 V.
1115 2675 1158 2724 20,
1175 2661 1207 2712 Β2
1220 2658 1253 2712 de

140 2743 213 2798 nulle
228 2744 357 2809 mauaixe,
369 2743 431 2795 ΡΨ
442 2743 577 2797 maluaise.
589 2774 622 2783 -
632 2744 667 2798 V.
681 2759 724 2809 21,
738 2744 771 2797 B²
781 2755 976 2809 acoentemant,
990 2744 1051 2796 Pb¹²
1062 2743 1251 2796 acointemant.

139 2857 175 2867 -
188 2826 223 2880 V.
239 2841 282 2890 22,
299 2826 330 2877 B²
345 2825 431 2879 muels
449 2843 483 2879 ne
496 2828 596 2892 uaroie,
609 2826 671 2879 Pb¹¹
686 2827 763 2880 mielz
775 2844 809 2881 ne
824 2827 950 2881 valdroie.
963 2856 998 2866 -
1009 2826 1048 2881 V.
1068 2841 1082 2878 2
1087 2843 1110 2896 3,
1126 2827 1159 2878 Βι
1171 2825 1203 2878 de
1215 2824 1254 2877 fol

141 2909 246 2963 essiant.
260 2938 295 2948 -
310 2908 344 2963 V.
359 2922 403 2973 24,
419 2908 451 2961 B²
465 2926 493 2962 as
507 2908 622 2981 dyables.
636 2939 669 2948 —
683 2909 717 2966 V.
735 2923 779 2977 25,
794 2911 826 2963 ΒΙ
839 2910 900 2963 ΡΨ
912 2927 940 2964 se
953 2910 1033 2982 giere.
1049 2939 1085 2949 -
1098 2909 1133 2962 V.
1150 2907 1194 2972 26,
1209 2908 1251 2971 13²,

142 2990 187 3045 lou
201 3007 222 3044 s.
236 3001 295 3044 tout
309 3002 467 3056 autremant,
480 2992 542 3044 ΡΨ
555 2991 583 3045 lo
597 2993 676 3046 siecle
690 3004 710 3046 t.
723 2993 872 3046 altrement.

141 3155 231 3192 versus
245 3139 410 3207 habentibus,
423 3156 491 3211 quos
504 3156 599 3195 omnes
614 3141 723 3197 eaedem
737 3142 805 3196 duae
820 3157 954 3195 consonae
968 3156 1045 3195 voces
1055 3141 1113 3210 (oie,
1128 3139 1181 3208 eni)
1195 3139 1253 3192 col·

142 3220 228 3293 ligunt
244 3239 251 3275 ε
266 3221 394 3276 ababbubb.

176 3333 212 3344 -
228 3304 263 3358 V.
288 3318 329 3357 12.
352 3305 446 3359 Κῶλον
469 3318 514 3359 aut
537 3307 664 3376 ὴμὶκῶλον
684 3319 746 3377 post
764 3305 958 3360 debouuirement
971 3305 1004 3359 ad
1016 3305 1123 3359 libitum
1137 3305 1254 3359 inserere

141 3399 225 3458 potes,
245 3387 300 3440 sive
320 3386 444 3458 intelligis
464 3405 470 3440 :
491 3405 554 3441 cum
574 3405 649 3441 amor
666 3389 755 3460 jubeat
774 3401 800 3443 et
820 3405 883 3442 cum
906 3388 1017 3442 libenter
1036 3387 1159 3441 obediam
1182 3387 1254 3455 (puis

143 3470 286 3542 qu'Amors
307 3482 370 3523 vuet
389 3481 415 3523 et
436 3471 510 3541 [que]
533 3487 590 3524 mes
609 3487 683 3524 euers
702 3473 732 3524 s’i
746 3471 856 3540 otroie),
874 3472 928 3525 sive
944 3490 951 3525 ι
971 3488 1032 3525 cum
1050 3472 1135 3524 Amor
1154 3469 1252 3541 jubeat,

142 3552 239 3607 obedio
251 3552 361 3608 libenter
375 3554 415 3622 (et
423 3574 459 3602 :
468 3555 555 3624 ergo).

178 3667 211 3676 -
227 3636 261 3689 V.
284 3652 326 3707 13.
344 3636 373 3689 Se
391 3636 411 3689 li
426 3636 506 3689 siecles
524 3654 547 3690 se
558 3643 650 3708 repent,
664 3650 713 3692 etc.
729 3667 763 3678 -
778 3637 864 3691 Locus
877 3637 1053 3691 subobscurus
1070 3655 1076 3690 ι
1091 3653 1152 3689 cum
1164 3647 1255 3689 tamen

142 3720 244 3774 codices
254 3719 331 3789 plane
340 3719 515 3785 consentiant,
529 3736 701 3774 communem
714 3721 855 3774 amborum
866 3719 1009 3774 lectionem
1019 3732 1117 3773 temere
1127 3719 1253 3788 corrigas.

142 3803 200 3858 Nisi
217 3802 303 3868 fallor,
319 3802 439 3855 Musetus
453 3801 591 3855 horridum
606 3820 636 3856 ac
648 3804 721 3857 triste
736 3804 870 3858 saeculum
886 3803 1030 3874 poenitenti
1045 3802 1150 3855 homini
1163 3801 1255 3871 aequi-

142 3897 226 3958 parat,
243 3886 288 3957 qui
304 3901 399 3954 corpus
416 3896 534 3939 attenuat
553 3898 579 3939 et
598 3884 699 3957 jejunio
716 3886 821 3959 frangit.
842 3885 885 3940 Sic
907 3887 979 3940 enim
993 3885 1115 3956 intelligo
1132 3903 1138 3936 :
1155 3883 1256 3936 «Cum

143 3970 229 4023 Amor
242 3968 308 4021 mihi
322 3967 446 4021 laetitiam
461 3969 626 4039 praescribat,
642 3986 704 4022 cum
718 3981 808 4024 autem
822 3986 867 4023 cor
879 3986 971 4024 meum
986 3981 1041 4023 tam
1055 3969 1167 4022 libenter
1180 3983 1256 4018 man·

145 4052 211 4106 datis
229 4052 402 4122 obtemperet,
423 4051 444 4104 si
463 4051 567 4104 saeculo
585 4052 685 4122 placeat
702 4065 870 4124 peccatorum
890 4053 1080 4124 poenitentiam
1098 4066 1184 4122 agere,
1202 4050 1255 4102 hoc

145 4134 294 4211 parvifacio
309 4152 315 4188 z
331 4150 406 4188 amor
420 4135 492 4189 enim
504 4147 574 4190 vetat
584 4136 648 4207 quin
662 4153 707 4191 cor
718 4153 809 4192 meum
822 4137 953 4190 moestitia
963 4134 1100 4190 afficiatur.
1114 4152 1126 4184 u
