2782 4980
520 426 697 509 ..53-

50 564 201 648 diximus,
223 585 401 655 poetarum,
424 566 647 653 unusquisque
664 588 697 631 se
714 566 845 632 Amoris
861 577 1009 632 servum¹
1026 565 1167 654 profiteri

50 680 143 762 solet,
159 682 214 770 qui
227 681 342 747 Amori
351 702 454 768 neque
470 678 641 766 prudenter
652 702 758 768 neque
766 681 897 747 insane²
911 678 1068 748 obsistere
1079 679 1168 748 velit.

22 778 26 783 ’
51 795 87 862 In
100 792 225 862 diversa
237 795 349 861 transit
361 795 468 874 Cone,
483 794 600 882 quippe
618 795 685 882 qui,
704 813 874 882 postquam
888 817 1020 883 operam
1040 796 1169 876 Amori,

53 930 90 975 ut
103 932 214 976 servus
233 907 350 991 bonus,
371 909 509 989 navavit,
532 930 608 975 eum
623 932 710 976 nunc
724 908 915 976 insidiosum
937 909 1084 991 declaret,
1103 911 1172 976 imo

53 1025 87 1090 in
105 1024 262 1112 praelium
281 1040 375 1090 vocet
392 1021 472 1111 (Vl)
494 1047 501 1088 :

410 1168 562 1246 Amours,
580 1163 618 1232 de
633 1165 750 1232 felonie

410 1280 478 1347 Vos
498 1282 609 1348 vourai
628 1303 778 1367 esprover
798 1305 805 1345 :

413 1395 497 1463 Tolu
518 1394 637 1462 m'aves
654 1393 685 1461 la
702 1395 765 1478 vie,

412 1510 451 1576 Et
466 1528 552 1577 mort
567 1532 639 1577 sans
656 1508 768 1576 desfier
782 1510 834 1577 l...

103 1649 282 1732 Praeterea,
299 1649 483 1718 conculcare
498 1670 530 1718 et
549 1670 708 1739 proterere
729 1649 853 1719 videtur
868 1670 1035 1742 praecepta
1053 1669 1175 1719 amato

57 1763 123 1828 riae
137 1765 224 1844 artis,
244 1786 318 1832 cum
337 1761 518 1846 dominam,
538 1788 602 1832 non
621 1767 747 1844 sirenis,
765 1783 800 1833 ut
819 1766 966 1855 aequales
981 1766 1097 1849 solent,
1116 1790 1174 1835 nec

57 1875 167 1944 stellae
188 1880 363 1946 matutinae
378 1899 553 1968 comparat,
570 1903 686 1948 verum
703 1879 828 1967 lupae«
845 1904 937 1969 quae,
958 1882 1043 1948 inter
1061 1904 1176 1950 omnes

56 1990 156 2058 silvae
175 1990 281 2080 lupos,
303 1995 481 2082 pessimum
500 1993 588 2082 eligit
610 2018 626 2056 »
638 2019 647 2076 ;
670 2014 828 2077 aureum,
850 1994 918 2063 dira
941 2017 1012 2062 eam
1033 2013 1065 2062 et
1083 1994 1178 2084 plena

58 2104 180 2173 doloris
194 2109 412 2176 exsecratione
427 2128 625 2196 prosecutus,
643 2108 802 2177 exclamat
819 2134 826 2177 :
848 2134 864 2172 rr
881 2107 1073 2177 Praeduram
1089 2112 1177 2200 equi-

58 2218 135 2288 dem
165 2239 293 2305 terram‚
322 2240 464 2290 arentem
491 2242 523 2291 et
551 2225 726 2308 sitientem,
752 2226 876 2292 exercui
904 2249 911 2290 :
940 2223 1024 2292 unde
1053 2224 1175 2293 nullum

59 2334 200 2403 fructum
221 2359 360 2424 carpam,
383 2336 510 2406 nullum
523 2337 651 2419 lolium,
667 2338 784 2407 florem
803 2337 927 2408 nullum
946 2364 962 2400 u
979 2336 1071 2426 (Vl).
1086 2339 1177 2418 Quin

61 2451 173 2532 eriam,
199 2452 232 2517 in
255 2474 327 2518 eam
350 2450 530 2540 petulanter
550 2470 582 2519 et
606 2451 839 2521 contumeliose
861 2453 1037 2536 invehitur,
1062 2452 1178 2542 probra

60 2567 181 2653 ingerit
202 2590 209 2632 :

351 2709 467 2776 Fausse
482 2729 576 2791 estes,
592 2710 665 2777 voir
684 2709 753 2799 plus
773 2711 813 2778 ke
832 2713 895 2800 pie,

506 2825 556 2891 Ne
576 2826 657 2892 mais
672 2848 754 2913 pour
768 2848 848 2894 vous

353 2935 498 3005 N'averai
514 2962 582 3005 mes
598 2941 665 3007 ieus
679 2939 852 3028 plorous...
870 2939 965 3029 (Vll)

60 3079 179 3166 Legas,
196 3075 322 3160 silibet,
338 3080 522 3146 cantionem
537 3103 620 3169 quae
633 3082 679 3147 sic
693 3082 806 3169 incipit
822 3078 903 3168 (IX)

286 3217 448 3287 L'autr'ier
463 3222 569 3307 unior
583 3223 673 3308 apres
688 3219 717 3287 la
730 3220 999 3289 Saint-Denise...

64 3363 101 3427 in
116 3381 179 3449 qua
192 3360 362 3448 opprobria
378 3380 515 3429 recantat
524 3387 534 3445 ;
548 3361 600 3428 vel
613 3364 718 3450 potius
733 3383 863 3429 carmen
882 3363 914 3430 X
931 3388 939 3429 :

289 3501 349 3568 Par
364 3502 453 3570 Deu!
476 3505 591 3584 Dame,
613 3503 665 3590 j’ai
680 3503 755 3571 bien
769 3511 802 3570 oi
817 3503 920 3591 parler

288 3615 338 3684 De
353 3640 394 3685 vo
410 3616 526 3698 biaute,
544 3619 622 3684 mais
638 3617 696 3684 che
710 3616 794 3685 n'est
807 3641 862 3685 ore
877 3620 942 3686 mie
951 3646 961 3702 3

289 3732 328 3798 Et
346 3728 386 3798 de
400 3731 499 3800 Troie
520 3733 638 3819 rai-jou
657 3740 691 3799 oi
708 3751 820 3800 conter

107 3989 130 4028 1.
154 3995 168 4023 u
186 3973 304 4028 Homme
318 3972 371 4046 lige
384 3975 544 4030 d'Amors...
559 3995 573 4025 »

105 4074 132 4110 2.
155 4079 169 4107 ι(
188 4057 230 4111 Ne
244 4056 411 4129 fairesscontre
425 4058 525 4112 Amors
539 4075 573 4112 ne
587 4074 634 4112 sen
649 4076 683 4112 ne
695 4056 766 4113 solie.
782 4080 796 4112 u
