2782 4980
605 417 649 436 ..
672 389 714 474 47
738 411 781 436 ..a

425 531 543 598 Contre
558 530 588 598 le
603 528 687 599 douc
702 549 773 599 tans
788 529 827 598 de
840 531 903 598 mai

424 644 465 712 Se
479 643 547 714 doit
561 645 718 714 chascuns
734 647 841 733 esjoi'r‚

423 760 505 828 Mais
523 762 590 848 jou,
607 761 662 850 qui
681 783 757 829 cuer
772 762 800 827 ai
819 761 914 843 entir,

424 875 471 942 En
491 874 576 964 plein
595 876 663 942 iver
681 874 867 942 chanterai:
1020 859 1024 867 ’

423 987 542 1057 Pleuve
560 1006 593 1056 et
611 989 684 1066 noif
693 991 776 1058 aussi
796 988 865 1056 kier
879 990 908 1055 ai

424 1102 497 1171 Con
516 1103 614 1172 chans
632 1103 783 1173 d’oisiaus
802 1126 820 1170 a
836 1113 919 1172 oir¹.

180 1242 268 1320 Quid
293 1261 363 1313 turn
382 1242 479 1312 inde?
498 1246 650 1315 Facetum
671 1244 802 1334 quidem
827 1264 858 1313 et
882 1243 1002 1313 bellum
1026 1264 1253 1333 argumentum

134 1356 189 1425 ille
204 1359 325 1427 invenit
340 1360 395 1448 qui
408 1360 441 1426 in
452 1359 646 1449 pullulantes
659 1360 741 1449 apud
758 1359 903 1450 aequales
913 1378 1024 1450 poetas
1036 1378 1254 1449 scatentesque

133 1474 217 1540 veris
231 1471 460 1563 descriptiones
477 1476 624 1565 princeps
639 1477 784 1543 invectus
804 1493 863 1543 est.
881 1477 923 1542 At
938 1477 972 1542 iu
992 1472 1101 1543 medio
1118 1499 1198 1544 aevo
1216 1499 1254 1542 ea

134 1590 236 1655 inerat
250 1588 380 1656 cuilibet
398 1590 576 1657 sententiae
590 1589 641 1656 vel
658 1590 788 1658 cuilibet
806 1591 913 1658 sensui
931 1588 1117 1679 gemmandi
1135 1593 1194 1672 vis,
1217 1614 1254 1658 ea

135 1704 413 1791 regerminationis
441 1723 473 1772 et
490 1701 692 1793 'repetitionis
715 1704 846 1773 facultas
865 1725 900 1773 ut
920 1703 999 1777 haec
1019 1706 1087 1794 ipsa
1107 1707 1140 1773 in
1165 1704 1253 1773 locos

135 1840 326 1885 communes
346 1817 517 1908 opprobria
532 1818 594 1887 loci
609 1842 799 1889 communes
813 1821 957 1886 vicissim
976 1819 1055 1887 facta
1070 1821 1142 1888 sint.

180 1930 294 2023 Neque
317 1930 460 2002 diffiteor
486 1935 609 2003 cantica
641 1933 707 2018 illa,
743 1953 780 2003 ut
808 1957 923 2023 parum
951 1958 1046 2018 nova,
1076 1936 1119 2002 ita
1146 1954 1254 2003 tamen
1310 1992 1312 1996 Α

135 2067 270 2116 venusta
289 2072 358 2116 esse
377 2069 407 2115 et
422 2047 538 2138 lepida.
559 2047 622 2117 Sed
637 2050 671 2115 in
689 2050 726 2116 iis
743 2073 792 2116 ars
808 2048 1071 2137 deprehenditur,
1088 2070 1119 2118 et
1133 2073 1170 2117 ea
1184 2050 1253 2139 qui·

136 2161 212 2229 dem
223 2162 319 2253 paulo
334 2163 550 2251 injucundior,
568 2166 642 2253 quia
657 2165 691 2231 in
707 2184 816 2252 aperto
827 2163 921 2232 nobis
931 2181 979 2231 est
988 2166 1153 2233 Musetum
1168 2187 1252 2231 mer-

135 2275 212 2344 cede
228 2279 402 2367 scripsisse.
413 2280 501 2347 Nam
515 2302 591 2346 curn
610 2280 681 2369 quis
696 2278 769 2346 loco
784 2277 900 2347 illustri
915 2298 1016 2360 ortus,
1034 2281 1100 2346 sive
1116 2278 1251 2347 Carolus

137 2415 191 2459 rex
210 2392 348 2477 Siciliae,
369 2395 435 2461 sive
458 2396 572 2463 Petrus
594 2419 610 2456 (ι
631 2393 733 2463 malus
754 2393 897 2462 Clericus
922 2420 954 2478 n,
975 2392 1039 2463 dux
1059 2395 1248 2478 Britanniae,

135 2529 246 2576 versus
264 2508 350 2593 facit,
377 2509 503 2576 etiarnsi
526 2510 626 2577 nimia
650 2511 684 2577 in
707 2511 745 2577 iis
769 2508 947 2578 similitudo
967 2506 1108 2577 taedium
1128 2509 1249 2592 afferat,

138 2642 256 2707 tamen,
273 2623 346 2712 quia
360 2646 436 2691 vero
451 2626 553 2691 amori
567 2623 674 2692 forsan
689 2644 850 2706 resonant,
867 2623 1065 2713 voluptatem
1080 2622 1252 2712 quamdam

136 2736 212 2805 inde
227 2740 382 2829 capimus.
400 2739 490 2807 Licet
504 2718 591 2807 enim
606 2738 650 2822 id,
668 2738 756 2829 quod
771 2739 903 2809 fortasse
919 2763 952 2806 re
967 2762 1041 2808 vera
1052 2737 1124 2822 luit,
1143 2739 1253 2805 animo

138 2852 296 2942 fingamus
314 2871 346 2921 et
367 2872 442 2923 ante
465 2853 576 2922 oculos
597 2878 827 2944 proponamus.
854 2853 916 2923 Sed
934 2854 1011 2944 quid
1030 2852 1090 2921 sibi
1109 2853 1177 2922 vult
1195 2855 1254 2922 iste

138 2970 310 3035 miserrimi
337 2969 514 3058 joculatoris
541 2971 575 3037 in
597 2969 764 3038 mulierem
787 2968 930 3037 nobilem
952 2970 1067 3036 amor?
1096 2967 1174 3059 quid
1195 2970 1255 3036 ista

138 3081 323 3170 jusjurando
346 3083 500 3152 obstricta
524 3082 627 3153 fides?
654 3084 744 3153 Nihil
767 3083 852 3152 aliud
879 3086 938 3152 ista
962 3107 1031 3152 esse
1054 3083 1254 3152 manifestius

139 3215 237 3286 patet,
258 3222 354 3288 quam
372 3197 468 3266 verba
488 3217 520 3266 et
538 3221 644 3267 voces.

682 3473 712 3540 Π

184 3721 225 3786 Ea
248 3720 344 3808 igitur
363 3739 449 3802 sunt,
472 3743 565 3808 quae,
592 3742 778 3810 quanquam
802 3738 946 3798 venusta,
968 3719 995 3786 si
1012 3717 1167 3788 Nicolaus
1188 3719 1256 3786 sola

138 3832 281 3903 versibus
302 3833 496 3914 mandasset,
526 3859 608 3903 unus
632 3859 650 3903 e
670 3832 761 3904 turba
782 3835 984 3901 imitatorum
1006 3852 1100 3901 esset.
1123 3835 1168 3901 Ea
1188 3835 1257 3923 ipsa

177 4046 200 4082 1.
220 4030 347 4097 Ma‘tqner,
375 4048 401 4101 p.
428 4043 473 4095 42.
500 4027 543 4082 ef.
567 4027 605 4082 H.
630 4028 673 4093 L,
698 4028 765 4096 643;
791 4025 881 4093 Areia,
905 4027 1001 4095 XLIII,
1026 4026 1071 4094 CI,
1095 4025 1254 4092 CLXXVII,

139 4111 337 4180 CCCXXXHI,
354 4111 457 4178 CCCL,
471 4111 617 4177 CDXLIX,
631 4111 791 4177 CDLXXX,
804 4122 856 4164 etc.
