2782 4980
386 763 580 848 CAPUT
634 762 866 847 PRIMUM
914 746 916 750 ’

70 1033 162 1112 QUID
172 1053 228 1101 SIBI
243 1051 467 1109 TRACTANDUM
482 1049 701 1098 PROPOSUERIT
715 1049 855 1114 HUJUSCE
869 1048 1028 1098 OPUSCULI
1042 1049 1186 1097 AUCTOR.

117 1437 213 1507 Haud
231 1436 359 1528 illepide
373 1435 453 1505 dixit
471 1437 630 1504 recentior
655 1433 753 1503 medii
780 1435 849 1504 aevi
875 1457 1009 1524 poeseos
1036 1436 1187 1504 aestima-

72 1572 148 1621 tor:
172 1577 188 1615 u
214 1551 407 1641 Plerumque
432 1547 547 1618 accidit
566 1568 601 1618 ut
619 1548 703 1638 stylo
727 1572 794 1617 non
824 1550 962 1638 scriptor
988 1548 1100 1634 mod0,
1131 1547 1187 1618 sed

73 1665 175 1733 homo
202 1683 289 1734 totus
307 1662 504 1754 significetur
522 1681 553 1731 et
579 1660 730 1731 nudetur.
756 1663 789 1730 Si
814 1680 922 1731 tamen
950 1662 1062 1732 decem
1091 1663 1188 1730 medii

74 1782 144 1848 aevi
164 1780 279 1868 lyricos
294 1780 418 1849 interse
437 1777 622 1862 contuleris,
641 1802 710 1845 non
727 1777 876 1846 homines
891 1777 1004 1847 decem
1022 1802 1187 1868 agnosces,

75 1892 132 1962 sed
150 1893 286 1983 lyricum
300 1903 430 1964 unum1.
448 1919 464 1957 t>
487 1890 588 1972 Quod
606 1891 699 1961 faceti
720 1891 863 1961 hominis
880 1916 938 1961 nec
952 1916 1019 1961 non
1033 1891 1189 1961 fastidiosi

75 2008 231 2096 judicium
249 2008 365 2096 judicia
390 2006 455 2075 fere
479 2009 627 2077 omnium
654 2008 843 2076 communia
870 2008 904 2075 in
930 2007 1025 2076 breve
1050 2010 1137 2098 cogit
1159 2026 1191 2075 et

76 2142 108 2192 et
127 2123 363 2214 complectitur.
381 2124 514 2213 Quippe
533 2121 573 2190 de
589 2123 783 2192 nostratibus
800 2121 898 2190 medii
915 2125 983 2191 aevi
1010 2125 1190 2192 carminum

76 2237 284 2329 scriptoribus
314 2235 430 2306 eruditi
450 2259 564 2306 omnes
590 2236 656 2305 fere
677 2237 716 2304 ad
747 2261 849 2306 unum
881 2236 969 2306 idem
1006 2241 1150 2307 sentiunt
1180 2263 1188 2305 ε

77 2352 197 2422 scilicet
217 2372 328 2443 poetas
343 2354 433 2436 istos,
453 2354 538 2420 inter
556 2377 590 2420 se
612 2353 889 2440 germanissimos,
916 2353 1086 2421 indiscreta
1113 2377 1191 2443 qua-

77 2467 151 2536 dam
171 2469 362 2558 cognatione
380 2467 508 2537 vultum
527 2464 691 2551 eumdem,
709 2465 859 2536 eamdem
872 2469 1013 2557 speciem
1031 2467 1190 2553 retulisse3

80 2607 185 2672 neque
199 2582 247 2650 lac
274 2582 360 2664 lacti,
382 2606 487 2672 neque
519 2604 619 2652 ovum
648 2605 711 2650 ovo
739 2582 891 2652 similius.
925 2585 1054 2673 Nempe
1080 2607 1194 2652 omnes

79 2699 212 2766 eosdem
231 2721 421 2767 communes
435 2696 524 2765 locos
540 2717 756 2780 recantavere,
782 2723 862 2788 quos
884 2701 984 2788 ipsos,
1007 2698 1046 2767 ad
1067 2702 1195 2789 excogi·

79 2811 214 2882 tandum
228 2812 370 2894 hebetes,
382 2836 421 2880 ex
436 2811 550 2880 alienis
566 2810 704 2881 hortulis
717 2851 762 2862 -
774 2813 893 2881 scilicet
905 2837 944 2881 ex
955 2815 1140 2904 Aquitania,
1152 2851 1194 2864 —

78 2928 173 2997 furati
199 2946 285 2996 sunt.
315 2929 399 3011 Imo,
429 2929 456 2994 si
486 2929 709 2996 recentissimo
736 2926 908 3018 eidemque
936 2931 1056 2998 eximio
1085 2931 1195 2999 critico

79 3040 202 3125 credas,
234 3067 250 3105 α
279 3042 486 3132 frigidissima
519 3040 788 3132 putidissimaque
816 3066 912 3132 opera
943 3043 1195 3113 Prouincialium

78 3158 195 3225 imitati
218 3176 305 3239 sunt,
327 3175 397 3224 orta
413 3157 534 3225 scilicet
554 3156 757 3246 dogmatibus
782 3160 851 3226 istis
880 3157 1053 3227 reconditis
1077 3159 1194 3250 quibus

77 3295 161 3340 vena
174 3270 226 3341 vel
242 3274 381 3340 maxime
395 3274 476 3362 jugis
498 3291 667 3355 aresceret,
692 3274 873 3363 imitarique
900 3292 975 3342 sunt
998 3297 1034 3341 ea
1056 3276 1196 3343 minimo

80 3386 229 3470 consilio,
246 3387 463 3456 aemulatione
479 3387 600 3470 servili,
616 3386 689 3456 rudi
707 3389 851 3456 tironum
866 3390 1026 3478 imperitia
1037 3401 1061 3457 ².
1083 3415 1099 3453 n

127 3502 190 3570 Cui
209 3499 342 3591 judicio,
357 3504 544 3571 summatim
556 3525 671 3592 aequo,
688 3503 801 3592 iniquo
819 3505 966 3571 tamensi
984 3527 1053 3572 rem
1070 3528 1199 3573 accura-

83 3617 148 3685 tius
164 3619 399 3706 recognoveris,
416 3641 484 3685 non
499 3616 593 3707 plane
608 3618 812 3686 assentimur.

121 3811 144 3851 1.
166 3795 210 3851 Cs.
231 3797 262 3852 L.
288 3797 379 3869 Passy,
397 3796 512 3852 Br'bliotlt.
533 3797 562 3850 de
584 3796 674 3851 l’Ecole
698 3797 738 3851 das
761 3797 873 3864 Charias,
893 3809 914 3853 t.
938 3798 1000 3866 XX,
1020 3818 1047 3871 p.
1072 3817 1082 3854 1
1105 3818 1111 3853 :
1135 3821 1149 3852 rr
1167 3799 1205 3856 Le

86 3880 164 3951 style,
181 3881 250 3934 adit
264 3880 371 3947 Buffon‚
385 3881 448 3934 c’est
461 3881 592 3935 l’homme
607 3883 703 3936 meme.
728 3883 829 3936 Prenez
848 3883 892 3936 dix
912 3888 1049 3939 trouveres
1067 3884 1203 3957 lyriques:

87 3980 155 4018 vous
170 3981 203 4018 ne
215 3977 352 4018 trouverez
364 3982 409 4036 pas
425 3965 468 4018 dix
482 3965 615 4031 hommes,
633 3967 700 4020 mais
713 3983 750 4018 un
763 3966 820 4020 seul
832 3971 963 4021 trouvere.
986 3988 999 4019 u

123 4042 149 4101 2'.
170 4045 212 4100 ef.
226 4048 350 4120 Jeanroy,
362 4048 390 4102 da
403 4049 552 4103 nostratibus
568 4050 644 4103 madii
656 4051 711 4103 aevi
717 4052 795 4122 poetis
809 4068 835 4121 p.
854 4049 912 4105 116.
