2782 4980
565 435 609 447 -.
635 415 675 484 54
699 435 738 447 .-

92 562 208 610 somno
223 542 373 607 excitatus
387 538 524 628 salignas
538 537 660 607 fistulas
675 537 773 618 vellit,
798 563 814 600 u
838 537 956 627 quibus
975 539 997 604 ii
1015 537 1077 605 soli
1093 537 1210 606 modu·

93 654 150 724 lari
168 655 283 737 sciunt,
305 654 361 744 qui
384 676 457 721 vere
473 672 595 722 amant.
623 678 639 715 u
658 650 733 736 Sed,
754 671 791 720 ut
809 650 897 728 idem
911 651 1001 721 locus
1017 671 1078 735 est,
1098 651 1210 721 eadem

94 769 184 851 hora,
207 772 248 837 ita
268 767 347 836 aliae
362 791 526 857 personae,
543 767 622 835 aliae
641 789 704 835 res.
732 765 824 836 Nihil
852 766 984 835 humani
1008 769 1042 836 in
1069 769 1109 835 iis
1131 791 1212 858 quae

95 883 154 954 sibi
179 884 303 953 viderur
325 904 356 951 et
377 881 484 952 audire
510 902 541 951 et
563 881 670 950 videre
697 906 705 948 τ
734 881 772 949 fit
797 883 827 949 ei
857 881 986 950 obviarn
1013 905 1081 950 non
1107 882 1211 970 puella

95 1022 168 1068 cunr
186 997 312 1082 ovibus,
338 995 393 1065 sed
414 998 546 1087 agrestis
570 995 630 1065 dea
658 996 830 1086 quaedam,
856 996 956 1086 qualis
980 998 1014 1064 in
1038 1015 1210 1086 poetarum

94 1115 228 1183 somniis
242 1115 340 1182 autin
356 1113 550 1180 commentis
562 1111 641 1200 fingi
660 1111 753 1179 soler.
768 1112 861 1179 Visio
876 1130 935 1194 est,
953 1135 1159 1202 nequaquam
1172 1114 1210 1180 ad

96 1230 262 1297 veritatem
276 1227 449 1311 accedens;
465 1246 534 1296 orat
548 1251 634 1310 eunt,
661 1246 698 1296 ut
716 1226 774 1295 sibi
801 1226 907 1296 fistula
927 1247 1033 1295 canat.
1065 1228 1158 1297 Nihil
1179 1231 1212 1296 in

97 1345 221 1426 vestitu,
240 1342 318 1411 nihil
332 1345 366 1410 in
378 1363 505 1424 ornatu,
521 1342 600 1411 nihil
613 1344 647 1410 in
662 1366 698 1410 ea
711 1343 778 1431 ipsa
792 1342 879 1432 quod
893 1344 926 1409 in
941 1343 1030 1410 terris
1042 1361 1211 1411 cernatur:

97 1457 271 1548 smaragdis
286 1476 367 1528 tecta
380 1479 411 1527 et
431 1457 598 1548 sapphiris,
622 1459 727 1542 nivea,
746 1480 849 1540 rosea,
869 1476 939 1528 toro
955 1481 1090 1546 corpore
1108 1458 1214 1547 splen·

98 1571 163 1641 det.
181 1571 276 1641 Sedet
285 1571 325 1641 ad
337 1590 494 1653 rosetum,
510 1570 612 1661 fulget
630 1588 666 1638 ut
683 1571 819 1640 Lucifer.
837 1571 1001 1661 Ipsehanc
1014 1572 1213 1662 contempla-

98 1706 159 1769 tur,
180 1705 212 1756 et
225 1688 321 1757 canit.
337 1688 470 1769 Interea,
487 1685 555 1753 dies
570 1685 703 1774 aufugit.
720 1687 855 1756 Evanuit
873 1685 990 1776 puella,
1010 1709 1084 1775 rege
1104 1686 1215 1776 aliquo

99 1802 244 1872 fabuloso
259 1819 412 1892 prognata
418 1825 428 1885 ;
444 1822 543 1891 quam
561 1802 620 1870 iste
637 1801 733 1869 miser
750 1803 897 1891 joculator
920 1804 952 1871 in
971 1825 1062 1872 suam
1081 1822 1215 1893 porten-

100 1936 204 1986 tosam
221 1919 354 2007 patriam
366 1915 434 1985 vult
445 1917 545 2006 sequi.

144 2030 245 2112 Quod
273 2033 300 2099 si
326 2030 404 2099 haec
431 2048 556 2099 tantum
582 2048 729 2119 poemata
750 2034 895 2100 Musetus
923 2033 1112 2121 scripsisset,
1138 2056 1216 2102 vere

101 2165 182 2214 esset
197 2163 302 2235 poeta.
316 2143 408 2213 Nihil
426 2163 473 2212 est
492 2146 591 2226 enirn,
610 2144 698 2234 quod
723 2146 833 2227 sciam,
859 2147 892 2212 in
911 2145 1017 2234 lyricis
1033 2150 1120 2236 apud
1141 2170 1216 2230 nos,

101 2260 154 2328 illa
173 2279 285 2344 aetate,
311 2258 490 2348 quodcum
514 2259 552 2326 iis
573 2258 766 2327 carminibus
785 2259 939 2342 conferas,
962 2261 1023 2328 nisi
1038 2259 1126 2350 quod
1144 2263 1220 2329 Ear-

101 2375 221 2444 rschius
247 2374 380 2458 edidit¹‚
398 2375 518 2462 majore
541 2374 637 2441 etiam
660 2397 697 2441 ea
721 2396 801 2462 quae
825 2398 981 2463 nusquam
1004 2393 1081 2443 sunt
1104 2377 1220 2446 animo

101 2490 300 2580 concipiendi
313 2489 459 2559 facultate
472 2488 750 2571 commendatum,
766 2513 895 2557 carmen
909 2489 1028 2558 scilicet
1037 2489 1115 2557 illud
1140 2516 1147 2557 :

345 2629 473 2710 Qu’uns
485 2628 599 2696 vilains
613 2652 653 2695 ne
669 2627 721 2696 fist
731 2631 807 2712 mie,

344 2745 426 2813 Aina
440 2743 470 2812 le
481 2744 533 2812 fist
552 2768 594 2811 un
607 2743 781 2812 chevaliers

346 2862 408 2929 Soz
426 2859 549 2928 l’onbre
568 2860 646 2928 d'un
662 2860 786 2943 olivier,

368 2978 463 3044 Entre
477 2974 523 3043 les
540 2976 612 3043 braz
630 2976 753 3044 s'amie.

148 3120 210 3185 Hic
226 3142 354 3208 quoque
370 3138 463 3208 poeta
477 3119 635 3207 virginem
651 3119 732 3185 mira
746 3119 851 3206 specie
868 3136 1021 3205 tanquam
1030 3117 1064 3183 in
1079 3119 1217 3184 somniis

103 3232 200 3314 videt,
215 3235 249 3301 in
268 3256 351 3322 equo
370 3231 549 3315 sedentem,
566 3231 713 3322 gladiolis
726 3257 761 3301 ac
780 3235 884 3300 vernis
898 3230 1032 3300 floribus
1051 3232 1218 3315 vestitam,

103 3369 247 3437 zonaque
260 3346 402 3430 frondea,
419 3371 513 3436 quae,
529 3346 739 3415 humescente
756 3365 957 3436 tempestate,
974 3346 1124 3413 virescit:

345 3527 389 3538 -
410 3487 496 3570 Bele,
510 3487 588 3557 dont
607 3506 689 3556 estes
703 3509 762 3556 vos
775 3489 856 3556 nee?

347 3643 390 3654 —
414 3606 464 3671 De
482 3604 600 3672 France
615 3607 674 3686 sui,
691 3604 719 3670 la
734 3603 816 3684 lode,

345 3723 398 3789 Du
412 3720 483 3809 plus
497 3719 575 3788 haut
589 3742 723 3810 parage;

344 3836 381 3904 Li
393 3832 568 3925 rossignols
588 3854 635 3902 est
652 3857 730 3902 mon
747 3835 821 3922 pere

139 4047 161 4084 r.
183 4031 213 4084 B.
227 4031 310 4096 Rom,
326 4031 374 4095 283
390 4029 423 4084 cf.
438 4045 480 4102 29.
498 4043 540 4098 30,
558 4040 612 4098 30¹.
