2782 4980
607 442 651 455 ...
675 421 715 492 99
740 441 784 454 -

373 546 421 611 En
441 543 492 611 bel
511 543 686 632 despendre
706 564 737 613 et
755 570 795 612 en
815 569 903 614 amer

375 658 453 724 Sans
472 656 597 725 saintis'e'
616 677 648 726 et
666 682 737 726 sans
757 660 870 749 guiler.

681 772 696 806 ¹!

665 827 711 861 *ss

375 885 518 965 Gravier,
537 887 589 952 cui
608 889 636 973 je
655 888 686 954 vi
705 886 806 973 jobet,

377 996 468 1065 Celui
482 996 594 1065 donrai
609 1022 687 1066 mon
707 999 849 1088 chapelet
870 1026 877 1068 :

376 1112 426 1177 De
441 1109 491 1178 bel
506 1109 681 1201 despendre
701 1114 898 1198 s’entremet,

376 1225 423 1291 En
442 1223 487 1291 lui
506 1248 569 1291 nen
588 1249 605 1291 a
624 1227 715 1313 point
733 1225 772 1294 de
792 1249 907 1316 regret,

377 1336 415 1402 Et
426 1359 487 1424 por
501 1360 536 1404 ce
551 1337 572 1403 li
586 1337 672 1405 vueil
686 1341 714 1424 je
731 1338 831 1407 doner

378 1448 469 1526 Qu'il
487 1451 570 1517 aime
590 1449 672 1518 bruit
687 1469 718 1518 et
733 1451 860 1520 hutiner

377 1562 416 1628 Et
430 1564 511 1629 aime
526 1561 565 1630 de
580 1586 654 1632 cuer
668 1588 740 1633 sans
755 1565 885 1633 fausser.

379 1675 454 1742 Ensi
469 1674 498 1742 le
513 1680 662 1744 convient
676 1678 698 1744 il
712 1698 830 1746 outrer.

684 1789 699 1823 *

668 1845 715 1879 Ηῑ

134 1923 154 1969 2
161 1921 174 1988 ς
378 1904 423 1969 La
441 1901 617 1970 damoisele
636 1927 675 1972 au
694 1904 781 1972 chief
795 1904 925 1975 blondet

170 2067 204 2121 V.
222 2066 263 2132 16,
279 2084 350 2121 sanz.
367 2098 400 2107 -
412 2068 447 2121 V.
464 2083 509 2134 20,
525 2085 559 2121 en
571 2067 608 2121 lui
620 2086 654 2122 ne
668 2086 683 2122 a
694 2071 777 2140 point.
794 2100 830 2110 -
842 2070 876 2124 V.
894 2085 937 2136 21,
953 2070 972 2123 li
986 2071 1043 2125 uuil
1054 2072 1087 2126 ie.
1101 2103 1137 2113 -
1150 2074 1184 2128 V.
1202 2090 1245 2142 22,

133 2152 243 2206 aimme.
260 2181 294 2191 —
306 2151 340 2204 V.
355 2166 398 2221 23,
415 2151 514 2205 airnme
528 2152 561 2205 de
575 2168 637 2204 cuer
651 2169 711 2206 sans
722 2151 817 2206 lauser.
831 2184 865 2193 -
879 2153 913 2206 V.
930 2167 974 2220 24,
987 2156 1104 2212 couient.

169 2329 204 2341 -
216 2299 250 2353 V.
269 2301 310 2354 16.
323 2301 365 2354 De
372 2301 446 2354 hiatu
457 2300 527 2371 apud
537 2300 673 2354 Musetum
681 2301 778 2372 aliquid
789 2318 865 2372 supra
880 2303 1004 2356 diximus.
1020 2335 1050 2344 —
1061 2305 1133 2358 Haec
1140 2308 1249 2376 stropha

134 2385 251 2455 priorem
273 2384 305 2436 de
325 2384 429 2455 integro
448 2396 559 2437 renovat
577 2396 604 2436 et
621 2384 749 2437 inutiliter
766 2397 889 2438 recantat.
909 2386 954 2439 An
972 2387 1093 2440 Musetus
1111 2402 1249 2460 utramque

134 2468 278 2537 scripserit,
299 2466 375 2520 valde
396 2468 537 2521 incertum.
558 2466 626 2520 Satis
647 2468 720 2519 enim
741 2467 875 2538 explorate
898 2482 1050 2540 perceptum
1072 2471 1201 2525 habemus
1223 2485 1250 2526 et
1336 2513 1339 2517 .

135 2551 277 2621 cognitum
287 2567 368 2620 quam
381 2566 456 2620 saepe
468 2549 584 2623 carmina
595 2549 650 2614 illa,
663 2549 729 2603 dum
739 2549 861 2604 volabant
871 2571 885 2601 «
895 2568 941 2621 per
953 2569 998 2606 ora
1007 2554 1094 2606 virum
1103 2575 1128 2620 n,
1137 2555 1250 2608 formam

136 2633 304 2704 figuramque
315 2633 512 2686 immutaverint
526 2649 532 2684 ε
544 2633 610 2686 adeo
621 2644 660 2697 ut,
672 2633 740 2687 miro
751 2635 833 2687 modo
847 2634 1053 2705 discrepantibus
1062 2637 1130 2690 inter
1141 2654 1168 2691 se
1180 2639 1250 2692 codi-

137 2735 201 2771 cum
211 2716 374 2781 lectionibus,
385 2733 469 2768 unum
477 2726 503 2768 et
512 2714 584 2768 idem
592 2731 697 2768 carmen
706 2717 750 2768 vix
757 2734 892 2788 agnoscas.
903 2717 1025 2786 (Confer,
1036 2718 1146 2790 exempli
1156 2723 1248 2791 gratia,

137 2801 173 2854 G.
192 2801 274 2865 Huet,
293 2817 340 2852 une
357 2800 461 2852 chanson
479 2797 507 2850 de
524 2798 586 2851 Goce
603 2799 689 2864 Eruli,
710 2799 803 2852 Ebudes
821 2816 930 2853 romanas
945 2801 998 2853 deli.
1018 2802 1087 2855 ὰΜ.
1110 2804 1143 2858 G.
1163 2805 1247 2871 Paris,

140 2883 233 2954 1890.)
248 2882 338 2936 Simile
351 2881 458 2952 aliquid,
477 2881 528 2933 nisi
541 2879 627 2945 fallor,
641 2881 684 2933 hic
701 2882 794 2935 accidit
809 2900 815 2934 ι
833 2899 937 2954 nempe,
952 2896 1044 2938 cantor
1060 2886 1177 2955 quilibet,
1194 2889 1249 2941 sive

135 2968 283 3036 priscorum
294 2966 391 3019 Museti
403 2980 528 3017 versuum
542 2963 650 3027 oblitus,
667 2965 721 3016 sive
737 2964 809 3034 quod
824 2965 909 3019 melos
923 2983 984 3019 cum
1000 2968 1156 3038 quibusdam
1168 2988 1248 3024 voca-

135 3049 205 3102 bulis
221 3065 314 3118 parum
334 3047 505 3118 congruebat,
525 3061 616 3098 versus
633 3045 751 3099 funditus
769 3045 858 3100 refecit
882 3059 907 3101 et
926 3050 1132 3104 reconcinnavit.
1154 3053 1249 3107 Postea

136 3143 228 3186 autem
250 3131 357 3196 scribae,
368 3131 454 3182 varios
466 3129 567 3181 codices
579 3126 755 3197 perlustranti,
772 3129 854 3197 prisca
865 3131 974 3201 stropha
987 3144 1013 3184 et
1027 3134 1155 3187 recentior
1169 3136 1250 3190 simul
1305 3173 1307 3178 -

138 3227 309 3269 occurrerunt
323 3232 329 3266 :
343 3213 388 3284 qui
402 3224 525 3265 neutram
541 3212 648 3280 rejicere
661 3209 755 3276 voluit,
770 3210 826 3277 sed,
846 3229 908 3266 cum
922 3226 1032 3284 utraque
1046 3216 1138 3270 eadem
1154 3235 1249 3274 venus-

137 3311 192 3354 tate
204 3296 321 3369 polleret,
337 3310 475 3366 utramque
489 3293 659 3363 transcripsit.

173 3411 209 3420 -
222 3380 257 3434 V.
278 3396 319 3449 17.
335 3380 451 3434 Grauiar.
467 3377 536 3439 Quis
550 3375 626 3429 luerit
640 3376 679 3428 vir
692 3375 736 3430 ille
750 3376 834 3429 comis
848 3393 878 3430 ac
896 3375 1007 3448 lepidus,
1026 3380 1123 3435 Museti
1138 3383 1249 3440 fortasse
1269 3419 1271 3423 ·

136 3462 242 3528 sodalis,
256 3463 331 3532 cujus
342 3477 443 3515 nornen
456 3461 484 3513 in
496 3459 570 3512 nullo
581 3471 719 3529 poetarum
733 3459 851 3530 catalogo
867 3461 987 3529 reperias,
1005 3464 1145 3520 nescimus,

173 3546 208 3600 V.
233 3547 273 3599 18.
298 3545 405 3598 Gravior
418 3545 459 3597 cui
472 3547 498 3613 je
510 3544 538 3594 vi
549 3543 627 3612 joliet,
647 3573 680 3581 —
702 3541 774 3595 Calui
791 3542 879 3594 donrai
896 3560 952 3594 mon
969 3544 1080 3615 chapelet.
1099 3577 1134 3587 -
1152 3549 1251 3605 Mirum

135 3630 218 3682 habes
238 3629 397 3683 attractionis
416 3625 584 3695 exemplum;
606 3624 640 3677 cf.
665 3623 764 3678 Tobler
782 3625 879 3693 (Verm.
907 3626 983 3691 Bait,
1005 3645 1031 3697 p.
1048 3630 1113 3698 202)
1130 3649 1136 3683 :
1157 3631 1175 3684 li
1192 3634 1251 3688 vins

136 3713 317 3766 encressiez...
339 3709 454 3781 desplest
476 3705 565 3761 moult
581 3725 596 3760 a
617 3707 659 3760 cui
676 3708 701 3760 le
721 3709 785 3761 boit.
804 3708 893 3777 (Barb.
912 3720 937 3762 et
955 3709 1047 3776 Meon‚
1065 3713 1198 3782 Falliaux,
1216 3717 1250 3784 Il,

138 3796 214 3863 200.)
235 3825 271 3834 -
288 3793 310 3846 Il
326 3794 427 3865 plesent
445 3792 486 3845 cui
506 3807 539 3844 ne
559 3791 615 3844 s'en
634 3806 736 3860 apresse
752 3821 788 3830 -
801 3791 858 3843 Mes
876 3790 909 3844 de
920 3794 978 3862 pres
995 3792 1020 3845 la
1034 3795 1153 3865 plesence
1168 3815 1247 3855 cesse.

153 3891 211 3944 Rose
237 3904 247 3940 1
287 3889 330 3942 08.

139 3890 153 3958 (
175 3889 347 4038 V.’249.5Ensi
353 3971 373 4024 le
384 3972 493 4024 convient
500 3969 520 4022 il
526 3976 618 4024 outrer.
629 3968 740 4031 -Quae
749 3969 978 4040 significatio-huic
990 3971 1070 4024 verbo
1078 3979 1250 4049 outrersubji-

140 4057 231 4121 ciatur,
246 4072 302 4109 non
314 4053 391 4125 plane
404 4051 533 4123 intelligo
549 4052 664 4106 Versum
676 4051 783 4105 fortasse
797 4054 833 4105 sic
846 4053 1008 4122 interpretari
1021 4067 1095 4125 potes
1109 4075 1115 4110 ε
1132 4079 1146 4108 «
1159 4060 1187 4113 in
1198 4061 1251 4117 hoc

140 4140 244 4194 vivendi
259 4155 356 4212 genere
370 4148 531 4210 perstantem
543 4135 618 4206 (eust)
629 4146 733 4205 oportet
745 4151 807 4188 eum
822 4136 888 4188 ultra
901 4147 1013 4189 aetatem
1027 4154 1113 4212 agere.
1128 4161 1142 4193 »
