2782 4980
621 398 818 448 -100-

401 522 455 588 Me
470 522 550 587 tient
567 538 616 587 tot
633 521 685 606 gai
698 539 730 588 et
749 518 898 588 cointelet
907 545 917 601 ;

401 634 449 700 En
463 633 507 700 tel
521 635 583 720 joie
597 632 627 701 le
642 657 716 701 cuer
730 657 783 700 me
799 653 866 701 met

400 747 491 825 Qu’il
509 771 551 815 ne
570 772 622 815 me
641 750 767 816 sovient
785 746 825 815 de
844 769 922 814 mon
942 745 995 815 det
1011 772 1019 816 ε

399 861 504 928 Honis
519 863 582 928 soit
593 863 661 950 qui,
677 885 737 950 por
750 859 898 944 endeter‚

398 975 490 1040 Laira
507 974 592 1043 bone
610 976 663 1042 vie
677 998 695 1041 a
711 977 840 1042 menet!

398 1085 485 1155 Ades
499 1087 530 1154 la
543 1089 611 1156 voit
629 1111 674 1155 on
689 1087 853 1176 eschaper,

397 1202 427 1267 A
442 1201 515 1289 quel
530 1200 617 1269 chief
628 1201 706 1291 qu’il
720 1201 795 1270 doie
810 1221 931 1269 tornet.

704 1339 720 1373 ss

688 1394 735 1429 1*

397 1475 476 1545 L'en
491 1477 629 1568 m’apele
644 1479 739 1548 Colin
754 1482 874 1563 Muset,

397 1593 463 1660 S'ai
479 1595 606 1682 mangi&
620 1596 722 1661 maint
737 1593 802 1661 bon
817 1592 987 1682 chaponet,

395 1707 516 1774 Mainte
535 1706 637 1790 haste,
659 1707 759 1776 maint
772 1706 906 1796 gastelet

395 1818 443 1886 En
461 1822 582 1908 vergier
596 1840 628 1888 et
646 1844 687 1888 en
706 1820 850 1909 praelet;

395 1931 435 1999 Et
449 1952 549 2021 quant
566 1936 595 2022 je
614 1936 684 2021 puis
702 1933 794 2001 l’oste
814 1952 931 2013 novet,

397 2046 466 2124 Qui
480 2065 554 2114 veut
569 2049 688 2115 acroire
702 2066 734 2114 et
752 2047 826 2115 bien
845 2066 978 2136 prester,

394 2158 510 2226 Adone
524 2183 576 2227 me
590 2183 691 2251 preng
706 2184 724 2227 a
738 2164 880 2249 sejorner

395 2271 491 2339 Selon
503 2272 533 2339 la
547 2271 695 2342 blondete
708 2297 747 2343 au
763 2275 812 2341 vis
827 2273 901 2341 cler.

700 2413 715 2447 ¹!

684 2467 731 2503 *ss

384 2553 458 2621 N’ai
476 2576 550 2621 cure
570 2551 609 2620 de
628 2555 741 2622 roncin
761 2553 858 2622 lasset

185 2741 219 2796 V.
236 2758 280 2812 27,
293 2759 327 2796 en
339 2742 375 2796 tel
391 2743 443 2797 ioie
455 2742 479 2798 le
493 2760 556 2798 cuer
571 2757 636 2799 met.
653 2774 688 2786 -
703 2746 738 2800 V.
753 2760 797 2818 29,
814 2745 903 2801 honiz.
919 2776 955 2787 -
968 2746 1002 2800 V.
1021 2762 1064 2818 31,
1083 2746 1145 2801 ades
1157 2747 1194 2801 les
1209 2748 1265 2801 uoit

150 2841 197 2878 on.
211 2855 247 2866 -
261 2827 294 2879 V.
313 2828 354 2896 38,
371 2839 466 2896 preter.

184 3001 219 3056 V.
235 3017 278 3070 27.
292 3002 333 3054 En
347 3002 379 3055 tel
388 3004 437 3073 joie
450 3003 471 3055 le
483 3020 540 3057 cuer
553 3020 590 3055 me
602 3010 659 3056 met.
676 3003 846 3058 Vocabulum
862 3022 898 3057 me
911 3005 1021 3060 restitui.

182 3085 216 3139 V.
233 3101 274 3156 30.
289 3085 354 3138 Adas
366 3086 390 3138 la
403 3087 455 3139 voit
465 3103 496 3139 on
507 3086 623 3157 eschuper.
638 3117 672 3126 -
685 3087 792 3140 Codicis
804 3087 957 3153 lectionem,
973 3089 1142 3159 probabiliter
1156 3105 1263 3160 corrup·

147 3181 213 3234 tam,
231 3169 297 3238 (adds
312 3169 350 3222 les
367 3172 420 3222 voit
438 3187 469 3222 on
484 3170 604 3241 eschapar)
619 3171 727 3223 conexi.
748 3171 785 3224 La
801 3168 839 3240 (la
858 3171 928 3224 bone
944 3171 999 3239 vie)
1014 3187 1061 3242 pro
1079 3171 1111 3224 les
1130 3174 1233 3243 conieci
1255 3190 1261 3225 :

149 3272 163 3302 u
178 3268 227 3305 nos
239 3268 341 3322 semper
354 3253 424 3306 bona
436 3253 491 3306 vita
502 3251 579 3324 fugit.
596 3273 610 3304 u

182 3369 217 3379 -
228 3339 262 3392 V.
273 3353 368 3405 41-42.
382 3339 444 3394 N'ai
456 3340 551 3393 careda
562 3341 648 3394 roncin
662 3340 736 3392 lasrer
749 3370 783 3379 -
797 3339 876 3411 Apris
889 3343 1001 3393 mauvais
1014 3341 1111 3410 seignor
1124 3347 1209 3394 troter.
1227 3372 1261 3382 —

147 3422 202 3476 Cur
214 3434 291 3492 poeta
302 3435 392 3476 noster
403 3435 503 3492 praeter
519 3423 740 3493 exspectationem
755 3439 811 3476 non
828 3424 947 3495 scripsit:
964 3444 978 3473 «
994 3424 1067 3476 lasser
1081 3426 1177 3495 aaprds
1190 3440 1262 3476 mau-

145 3507 199 3558 vais
211 3507 307 3575 seignor
319 3508 413 3558 trater?
425 3526 439 3555 »
455 3506 514 3561 Nisi
531 3505 616 3570 fallor,
637 3506 799 3577 singularem
812 3519 838 3559 et
854 3507 886 3558 ab
901 3523 950 3559 usu
965 3506 1114 3576 quotidiani
1128 3507 1261 3560 sermonis

143 3589 198 3660 Jam
212 3590 257 3642 diu
269 3590 443 3642 intermissam
457 3589 675 3642 consuetudinem
688 3601 795 3641 secutus
809 3600 857 3654 est,
872 3589 905 3640 de
919 3605 970 3658 qua
984 3590 1117 3660 sagaciter,
1137 3601 1166 3641 ut
1180 3587 1258 3654 solet,

144 3684 170 3724 et
178 3672 344 3725 callidissime
355 3673 390 3725 A.
402 3670 501 3724 Tobler
510 3672 629 3725 disseruit
640 3670 736 3740 (Verm.
751 3672 825 3736 Bait,
836 3687 861 3740 p.
879 3671 979 3739 181-3).
993 3671 1107 3737 Scilicet,
1120 3671 1191 3724 haud
1201 3687 1259 3724 rare

144 3757 231 3808 evenit
255 3768 298 3819 ut,
321 3755 367 3808 ubi
389 3756 611 3824 praepositionem
633 3755 673 3807 bis
694 3755 831 3824 repetitam
852 3754 1024 3824 speravisses,
1047 3771 1099 3807 una
1117 3766 1142 3806 et
1164 3752 1259 3806 eadem

143 3838 240 3908 duplici
255 3854 365 3890 munere
379 3837 513 3907 fungatur.

177 3922 258 3988 Nam,
272 3933 301 3975 ut
313 3919 441 3974 nonnulla
452 3936 483 3972 ex
495 3920 626 3990 praedicto
641 3931 665 3972 et
677 3919 775 3973 eximio
788 3935 867 3990 opere
879 3917 1000 3989 exempla
1014 3935 1149 3988 usurpem,
1163 3917 1191 3969 in
1203 3916 1259 3971 hoc

143 4006 203 4060 loco
219 4023 225 4058 ι
240 4005 386 4069 Qi'amans
396 4003 459 4056 n’ait
471 4002 577 4057 volente
587 4003 616 4055 de
629 4003 707 4056 dame
720 4003 793 4057 avoir
804 4002 952 4058 l'amour...
968 4002 1082 4073 (aurare
1097 4001 1125 4054 de
1140 4001 1258 4071 Buillon)

19 4434 217 4680 'X
