<?xml version="1.0" encoding="UTF-8"?>
<!DOCTYPE html PUBLIC "-//W3C//DTD XHTML 1.0 Transitional//EN"
    "http://www.w3.org/TR/xhtml1/DTD/xhtml1-transitional.dtd">
<html xmlns="http://www.w3.org/1999/xhtml" xml:lang="en" lang="en">
 <head>
  <title>
</title>
<meta http-equiv="Content-Type" content="text/html;charset=utf-8" />
  <meta name='ocr-system' content='tesseract 3.04.00' />
  <meta name='ocr-capabilities' content='ocr_page ocr_carea ocr_par ocr_line ocrx_word'/>
</head>
<body>
  <div class='ocr_page' id='page_1' title='image "./denicolaomuseto00bdgoog_0114.png"; bbox 0 0 2782 4980; ppageno 0'>
   <div class='ocr_carea' id='block_1_1' title="bbox 610 409 808 456">
    <p class='ocr_par' dir='ltr' id='par_1_1' title="bbox 610 409 808 456">
     <span class='ocr_line' id='line_1_1' title="bbox 610 409 808 456; baseline 0.005 -1"><span class='ocrx_word' id='word_1_1' title='bbox 610 409 808 456; x_wconf 84' lang='lat'>-101-</span> 
     </span>
    </p>
   </div>
   <div class='ocr_carea' id='block_1_2' title="bbox 386 530 937 844">
    <p class='ocr_par' dir='ltr' id='par_1_2' title="bbox 386 530 937 844">
     <span class='ocr_line' id='line_1_2' title="bbox 388 530 937 617; baseline 0.002 -22"><span class='ocrx_word' id='word_1_2' title='bbox 388 531 490 616; x_wconf 78' lang='lat' dir='ltr'><strong>Aprbs</strong></span> <span class='ocrx_word' id='word_1_3' title='bbox 509 530 650 595; x_wconf 88' lang='lat' dir='ltr'><strong>mauvais</strong></span> <span class='ocrx_word' id='word_1_4' title='bbox 669 530 797 617; x_wconf 85' lang='lat' dir='ltr'><strong>seignur</strong></span> <span class='ocrx_word' id='word_1_5' title='bbox 815 546 937 597; x_wconf 85' lang='lat' dir='ltr'><strong>troter:</strong></span> 
     </span>
     <span class='ocr_line' id='line_1_3' title="bbox 388 640 937 724; baseline 0.002 -16"><span class='ocrx_word' id='word_1_6' title='bbox 388 641 442 709; x_wconf 89' lang='lat' dir='ltr'><strong>S’il</strong></span> <span class='ocrx_word' id='word_1_7' title='bbox 458 641 556 709; x_wconf 79' lang='lat' dir='ltr'><strong>heent</strong></span> <span class='ocrx_word' id='word_1_8' title='bbox 570 640 643 709; x_wconf 90' lang='lat' dir='ltr'>bien</span> <span class='ocrx_word' id='word_1_9' title='bbox 655 663 734 708; x_wconf 91' lang='lat' dir='ltr'><strong>mon</strong></span> <span class='ocrx_word' id='word_1_10' title='bbox 751 640 937 724; x_wconf 88' lang='lat' dir='ltr'><strong>demander,</strong></span> 
     </span>
     <span class='ocr_line' id='line_1_4' title="bbox 386 754 882 844; baseline -0.002 -21"><span class='ocrx_word' id='word_1_11' title='bbox 386 755 426 823; x_wconf 87' lang='lat' dir='ltr'><strong>Et</strong></span> <span class='ocrx_word' id='word_1_12' title='bbox 439 757 481 844; x_wconf 86' lang='lat' dir='ltr'><strong>je,</strong></span> <span class='ocrx_word' id='word_1_13' title='bbox 499 774 569 823; x_wconf 89' lang='lat' dir='ltr'><strong>cent</strong></span> <span class='ocrx_word' id='word_1_14' title='bbox 584 774 666 838; x_wconf 92' lang='lat' dir='ltr'><strong>tans,</strong></span> <span class='ocrx_word' id='word_1_15' title='bbox 683 755 733 824; x_wconf 90' lang='lat' dir='ltr'><strong>lor</strong></span> <span class='ocrx_word' id='word_1_16' title='bbox 746 754 882 824; x_wconf 86' lang='lat' dir='ltr'><strong>refuserl</strong></span> 
     </span>
    </p>
   </div>
   <div class='ocr_carea' id='block_1_3' title="bbox 152 945 1244 1089">
    <p class='ocr_par' dir='ltr' id='par_1_3' title="bbox 152 945 1244 1089">
     <span class='ocr_line' id='line_1_5' title="bbox 185 945 481 1012; baseline 0.007 -12"><span class='ocrx_word' id='word_1_17' title='bbox 185 971 215 986; x_wconf 73' lang='lat'><em>—</em></span> <span class='ocrx_word' id='word_1_18' title='bbox 226 946 259 1002; x_wconf 88' lang='lat' dir='ltr'><strong>V.</strong></span> <span class='ocrx_word' id='word_1_19' title='bbox 274 959 319 1012; x_wconf 81' lang='grc'><strong>44.</strong></span> <span class='ocrx_word' id='word_1_20' title='bbox 334 945 404 1000; x_wconf 90' lang='lat' dir='ltr'><strong>Cent</strong></span> <span class='ocrx_word' id='word_1_21' title='bbox 413 958 481 1003; x_wconf 89' lang='lat' dir='ltr'><strong>tanz.</strong></span> 
     </span>
     <span class='ocr_line' id='line_1_6' title="bbox 152 1062 1244 1089; baseline 0 -3"><span class='ocrx_word' id='word_1_22' title='bbox 152 1062 1244 1089; x_wconf 27' lang='lat' dir='ltr'><strong>*W*</strong></span> 
     </span>
    </p>
   </div>
   <div class='ocr_carea' id='block_1_4' title="bbox 133 1141 1255 2367">
    <p class='ocr_par' dir='ltr' id='par_1_4' title="bbox 149 1141 1255 1302">
     <span class='ocr_line' id='line_1_7' title="bbox 149 1141 1255 1219; baseline 0.005 -23"><span class='ocrx_word' id='word_1_23' title='bbox 149 1141 337 1202; x_wconf 88' lang='lat' dir='ltr'><strong>desideravisses</strong></span> <span class='ocrx_word' id='word_1_24' title='bbox 352 1165 358 1200; x_wconf 92' lang='lat'><strong>:</strong></span> <span class='ocrx_word' id='word_1_25' title='bbox 375 1147 482 1202; x_wconf 79' lang='lat' dir='ltr'><strong>volente</strong></span> <span class='ocrx_word' id='word_1_26' title='bbox 495 1147 523 1202; x_wconf 81' lang='lat' dir='ltr'><strong>de</strong></span> <span class='ocrx_word' id='word_1_27' title='bbox 537 1148 565 1201; x_wconf 79' lang='lat' dir='ltr'><strong>dr</strong></span> <span class='ocrx_word' id='word_1_28' title='bbox 576 1148 655 1203; x_wconf 90' lang='lat' dir='ltr'><strong>dame</strong></span> <span class='ocrx_word' id='word_1_29' title='bbox 668 1149 742 1203; x_wconf 89' lang='lat' dir='ltr'><strong>avoir</strong></span> <span class='ocrx_word' id='word_1_30' title='bbox 755 1147 883 1215; x_wconf 89' lang='lat' dir='ltr'><strong>l’amour;</strong></span> <span class='ocrx_word' id='word_1_31' title='bbox 899 1149 946 1213; x_wconf 87' lang='lat' dir='ltr'><strong>sic,</strong></span> <span class='ocrx_word' id='word_1_32' title='bbox 962 1146 1032 1219; x_wconf 89' lang='lat' dir='ltr'><strong>apud</strong></span> <span class='ocrx_word' id='word_1_33' title='bbox 1046 1147 1158 1201; x_wconf 86' lang='lat' dir='ltr'><strong>Mariam</strong></span> <span class='ocrx_word' id='word_1_34' title='bbox 1174 1145 1255 1202; x_wconf 91' lang='lat' dir='ltr'><strong>Galli·</strong></span> 
     </span>
     <span class='ocr_line' id='line_1_8' title="bbox 149 1226 325 1302; baseline 0.017 -21"><span class='ocrx_word' id='word_1_35' title='bbox 149 1242 199 1282; x_wconf 85' lang='lat' dir='ltr'><strong>cam</strong></span> <span class='ocrx_word' id='word_1_36' title='bbox 208 1226 304 1302; x_wconf 88' lang='lat' dir='ltr'><strong>legitur</strong></span> <span class='ocrx_word' id='word_1_37' title='bbox 319 1248 325 1284; x_wconf 76' lang='grc' dir='ltr'><strong>ε</strong></span> 
     </span>
    </p>

    <p class='ocr_par' dir='ltr' id='par_1_5' title="bbox 457 1313 911 1384">
     <span class='ocr_line' id='line_1_9' title="bbox 457 1313 911 1384; baseline 0 -17"><span class='ocrx_word' id='word_1_38' title='bbox 457 1313 488 1367; x_wconf 90' lang='lat' dir='ltr'><strong>Li</strong></span> <span class='ocrx_word' id='word_1_39' title='bbox 503 1328 578 1384; x_wconf 84' lang='lat' dir='ltr'><strong>sages</strong></span> <span class='ocrx_word' id='word_1_40' title='bbox 592 1314 660 1367; x_wconf 91' lang='lat' dir='ltr'><strong>hum</strong></span> <span class='ocrx_word' id='word_1_41' title='bbox 672 1329 706 1367; x_wconf 90' lang='lat' dir='ltr'><strong>ne</strong></span> <span class='ocrx_word' id='word_1_42' title='bbox 717 1313 770 1368; x_wconf 91' lang='lat' dir='ltr'><strong>deit</strong></span> <span class='ocrx_word' id='word_1_43' title='bbox 784 1314 911 1368; x_wconf 90' lang='lat' dir='ltr'><strong>entendre</strong></span> 
     </span>
    </p>

    <p class='ocr_par' dir='ltr' id='par_1_6' title="bbox 454 1393 914 1468">
     <span class='ocr_line' id='line_1_10' title="bbox 454 1393 914 1468; baseline 0.004 -19"><span class='ocrx_word' id='word_1_44' title='bbox 454 1412 470 1449; x_wconf 88' lang='lat' dir='ltr'><strong>a</strong></span> <span class='ocrx_word' id='word_1_45' title='bbox 484 1396 538 1451; x_wconf 85' lang='lat' dir='ltr'><strong>lole</strong></span> <span class='ocrx_word' id='word_1_46' title='bbox 550 1396 622 1451; x_wconf 86' lang='lat' dir='ltr'><strong>same</strong></span> <span class='ocrx_word' id='word_1_47' title='bbox 631 1396 733 1450; x_wconf 86' lang='lat' dir='ltr'><strong>cunseil</strong></span> <span class='ocrx_word' id='word_1_48' title='bbox 745 1397 857 1468; x_wconf 86' lang='lat' dir='ltr'>prendre</span> <span class='ocrx_word' id='word_1_49' title='bbox 913 1393 914 1396; x_wconf 62' lang='grc'>’</span> 
     </span>
    </p>

    <p class='ocr_par' dir='ltr' id='par_1_7' title="bbox 175 1476 696 1550">
     <span class='ocr_line' id='line_1_11' title="bbox 175 1476 696 1550; baseline 0.006 -20"><span class='ocrx_word' id='word_1_50' title='bbox 175 1495 221 1548; x_wconf 92' lang='lat' dir='ltr'><strong>pro</strong></span> <span class='ocrx_word' id='word_1_51' title='bbox 238 1495 244 1531; x_wconf 94' lang='lat'><strong>:</strong></span> <span class='ocrx_word' id='word_1_52' title='bbox 258 1494 275 1531; x_wconf 82' lang='lat' dir='ltr'><em>a</em></span> <span class='ocrx_word' id='word_1_53' title='bbox 287 1494 304 1531; x_wconf 82' lang='lat' dir='ltr'><em>a</em></span> <span class='ocrx_word' id='word_1_54' title='bbox 315 1476 367 1532; x_wconf 89' lang='lat' dir='ltr'><strong>fole</strong></span> <span class='ocrx_word' id='word_1_55' title='bbox 378 1476 448 1532; x_wconf 87' lang='lat' dir='ltr'><strong>fame</strong></span> <span class='ocrx_word' id='word_1_56' title='bbox 462 1479 562 1532; x_wconf 86' lang='lat' dir='ltr'><strong>cunseil</strong></span> <span class='ocrx_word' id='word_1_57' title='bbox 576 1478 696 1550; x_wconf 85' lang='lat' dir='ltr'>prendre.</span> 
     </span>
    </p>

    <p class='ocr_par' dir='ltr' id='par_1_8' title="bbox 133 1560 1251 2047">
     <span class='ocr_line' id='line_1_12' title="bbox 174 1560 1251 1633; baseline 0.001 -19"><span class='ocrx_word' id='word_1_58' title='bbox 174 1562 205 1614; x_wconf 91' lang='lat' dir='ltr'><strong>In</strong></span> <span class='ocrx_word' id='word_1_59' title='bbox 219 1562 262 1615; x_wconf 88' lang='lat' dir='ltr'><strong>his</strong></span> <span class='ocrx_word' id='word_1_60' title='bbox 277 1560 343 1614; x_wconf 89' lang='lat' dir='ltr'><strong>locis</strong></span> <span class='ocrx_word' id='word_1_61' title='bbox 357 1563 486 1615; x_wconf 89' lang='lat' dir='ltr'><strong>evitatum</strong></span> <span class='ocrx_word' id='word_1_62' title='bbox 500 1575 538 1616; x_wconf 92' lang='lat' dir='ltr'><strong>est</strong></span> <span class='ocrx_word' id='word_1_63' title='bbox 553 1563 698 1633; x_wconf 88' lang='lat' dir='ltr'><strong>quominus</strong></span> <span class='ocrx_word' id='word_1_64' title='bbox 718 1579 772 1615; x_wconf 91' lang='lat' dir='ltr'><strong>una</strong></span> <span class='ocrx_word' id='word_1_65' title='bbox 789 1576 816 1616; x_wconf 92' lang='lat' dir='ltr'><strong>et</strong></span> <span class='ocrx_word' id='word_1_66' title='bbox 830 1562 924 1615; x_wconf 88' lang='lat' dir='ltr'><strong>eadem</strong></span> <span class='ocrx_word' id='word_1_67' title='bbox 941 1561 1099 1633; x_wconf 87' lang='lat' dir='ltr'><strong>praepositio</strong></span> <span class='ocrx_word' id='word_1_68' title='bbox 1118 1562 1157 1615; x_wconf 92' lang='lat' dir='ltr'><strong>bis</strong></span> <span class='ocrx_word' id='word_1_69' title='bbox 1174 1577 1251 1632; x_wconf 89' lang='lat' dir='ltr'><strong>repe-</strong></span> 
     </span>
     <span class='ocr_line' id='line_1_13' title="bbox 140 1644 1251 1717; baseline 0 -19"><span class='ocrx_word' id='word_1_70' title='bbox 140 1656 244 1698; x_wconf 87' lang='lat' dir='ltr'><strong>teretur.</strong></span> <span class='ocrx_word' id='word_1_71' title='bbox 258 1644 317 1697; x_wconf 89' lang='lat' dir='ltr'><strong>Hoc</strong></span> <span class='ocrx_word' id='word_1_72' title='bbox 330 1656 419 1698; x_wconf 89' lang='lat' dir='ltr'><strong>autem</strong></span> <span class='ocrx_word' id='word_1_73' title='bbox 433 1644 590 1716; x_wconf 88' lang='lat' dir='ltr'><strong>singularius</strong></span> <span class='ocrx_word' id='word_1_74' title='bbox 605 1664 611 1698; x_wconf 93' lang='lat'>:</span> <span class='ocrx_word' id='word_1_75' title='bbox 626 1645 698 1699; x_wconf 90' lang='lat' dir='ltr'><strong>haud</strong></span> <span class='ocrx_word' id='word_1_76' title='bbox 713 1662 779 1710; x_wconf 87' lang='lat' dir='ltr'><strong>rare,</strong></span> <span class='ocrx_word' id='word_1_77' title='bbox 797 1646 956 1717; x_wconf 85' lang='lat' dir='ltr'><strong>praepositio</strong></span> <span class='ocrx_word' id='word_1_78' title='bbox 968 1645 1097 1715; x_wconf 88' lang='lat' dir='ltr'><strong>quaedam</strong></span> <span class='ocrx_word' id='word_1_79' title='bbox 1109 1661 1165 1697; x_wconf 91' lang='lat' dir='ltr'><strong>non</strong></span> <span class='ocrx_word' id='word_1_80' title='bbox 1176 1661 1251 1698; x_wconf 87' lang='lat' dir='ltr'><strong>eam-</strong></span> 
     </span>
     <span class='ocr_line' id='line_1_14' title="bbox 137 1726 1249 1799; baseline 0.002 -20"><span class='ocrx_word' id='word_1_81' title='bbox 137 1726 209 1793; x_wconf 88' lang='lat' dir='ltr'><strong>dem,</strong></span> <span class='ocrx_word' id='word_1_82' title='bbox 232 1727 278 1780; x_wconf 93' lang='lat' dir='ltr'><strong>sed</strong></span> <span class='ocrx_word' id='word_1_83' title='bbox 296 1727 402 1780; x_wconf 88' lang='lat' dir='ltr'><strong>alteram</strong></span> <span class='ocrx_word' id='word_1_84' title='bbox 422 1730 645 1798; x_wconf 87' lang='lat' dir='ltr'><strong>praepositionem</strong></span> <span class='ocrx_word' id='word_1_85' title='bbox 666 1728 762 1793; x_wconf 86' lang='lat' dir='ltr'><strong>abolet,</strong></span> <span class='ocrx_word' id='word_1_86' title='bbox 782 1731 858 1799; x_wconf 87' lang='lat' dir='ltr'><strong>cujus</strong></span> <span class='ocrx_word' id='word_1_87' title='bbox 880 1728 966 1781; x_wconf 86' lang='lat' dir='ltr'><strong>officia</strong></span> <span class='ocrx_word' id='word_1_88' title='bbox 984 1740 1010 1781; x_wconf 91' lang='lat' dir='ltr'><strong>et</strong></span> <span class='ocrx_word' id='word_1_89' title='bbox 1029 1740 1114 1798; x_wconf 89' lang='lat' dir='ltr'><strong>partes</strong></span> <span class='ocrx_word' id='word_1_90' title='bbox 1132 1728 1249 1797; x_wconf 86' lang='lat' dir='ltr'><strong>suscipit.</strong></span> 
     </span>
     <span class='ocr_line' id='line_1_15' title="bbox 136 1808 1248 1882; baseline 0.002 -20"><span class='ocrx_word' id='word_1_91' title='bbox 136 1810 253 1880; x_wconf 89' lang='lat' dir='ltr'><strong>Quippe,</strong></span> <span class='ocrx_word' id='word_1_92' title='bbox 267 1824 297 1864; x_wconf 93' lang='lat' dir='ltr'><strong>ut</strong></span> <span class='ocrx_word' id='word_1_93' title='bbox 310 1811 346 1863; x_wconf 91' lang='lat' dir='ltr'><strong>ait</strong></span> <span class='ocrx_word' id='word_1_94' title='bbox 355 1808 463 1877; x_wconf 92' lang='lat' dir='ltr'><strong>Tobler,</strong></span> <span class='ocrx_word' id='word_1_95' title='bbox 479 1831 493 1861; x_wconf 89' lang='lat'>«</span> <span class='ocrx_word' id='word_1_96' title='bbox 506 1811 527 1864; x_wconf 90' lang='lat' dir='ltr'><strong>si</strong></span> <span class='ocrx_word' id='word_1_97' title='bbox 542 1811 697 1881; x_wconf 87' lang='lat' dir='ltr'><strong>praepositio</strong></span> <span class='ocrx_word' id='word_1_98' title='bbox 711 1828 767 1864; x_wconf 93' lang='lat' dir='ltr'><strong>non</strong></span> <span class='ocrx_word' id='word_1_99' title='bbox 781 1809 909 1864; x_wconf 84' lang='lat' dir='ltr'><strong>vocabula</strong></span> <span class='ocrx_word' id='word_1_100' title='bbox 920 1811 1040 1880; x_wconf 87' lang='lat' dir='ltr'><strong>proxime</strong></span> <span class='ocrx_word' id='word_1_101' title='bbox 1054 1811 1248 1882; x_wconf 89' lang='lat' dir='ltr'><strong>subsequentia,</strong></span> 
     </span>
     <span class='ocr_line' id='line_1_16' title="bbox 134 1892 1249 1964; baseline 0 -18"><span class='ocrx_word' id='word_1_102' title='bbox 134 1893 182 1946; x_wconf 89' lang='lat' dir='ltr'><strong>sed</strong></span> <span class='ocrx_word' id='word_1_103' title='bbox 195 1893 361 1947; x_wconf 90' lang='lat' dir='ltr'><strong>infinitivum</strong></span> <span class='ocrx_word' id='word_1_104' title='bbox 377 1894 497 1961; x_wconf 88' lang='lat' dir='ltr'><strong>verbum,</strong></span> <span class='ocrx_word' id='word_1_105' title='bbox 516 1894 634 1964; x_wconf 90' lang='lat' dir='ltr'><strong>pluribus</strong></span> <span class='ocrx_word' id='word_1_106' title='bbox 650 1894 735 1947; x_wconf 86' lang='lat' dir='ltr'><strong>verbis</strong></span> <span class='ocrx_word' id='word_1_107' title='bbox 753 1894 925 1964; x_wconf 89' lang='lat' dir='ltr'><strong>interpositis,</strong></span> <span class='ocrx_word' id='word_1_108' title='bbox 945 1895 1022 1964; x_wconf 87' lang='lat' dir='ltr'><strong>regit,</strong></span> <span class='ocrx_word' id='word_1_109' title='bbox 1043 1892 1110 1946; x_wconf 88' lang='lat' dir='ltr'><strong>cadit</strong></span> <span class='ocrx_word' id='word_1_110' title='bbox 1127 1895 1154 1946; x_wconf 90' lang='lat' dir='ltr'><strong>iu</strong></span> <span class='ocrx_word' id='word_1_111' title='bbox 1173 1894 1249 1962; x_wconf 89' lang='lat' dir='ltr'><strong>prisci</strong></span> 
     </span>
     <span class='ocr_line' id='line_1_17' title="bbox 133 1975 1247 2047; baseline -0.004 -17"><span class='ocrx_word' id='word_1_112' title='bbox 133 1978 267 2031; x_wconf 88' lang='lat' dir='ltr'><strong>sermonis</strong></span> <span class='ocrx_word' id='word_1_113' title='bbox 282 1977 504 2030; x_wconf 90' lang='lat' dir='ltr'><strong>consuetudinem</strong></span> <span class='ocrx_word' id='word_1_114' title='bbox 521 1989 550 2031; x_wconf 95' lang='lat' dir='ltr'><strong>ut</strong></span> <span class='ocrx_word' id='word_1_115' title='bbox 564 1977 677 2030; x_wconf 89' lang='lat' dir='ltr'><strong>duarum</strong></span> <span class='ocrx_word' id='word_1_116' title='bbox 692 1978 918 2047; x_wconf 89' lang='lat' dir='ltr'><strong>praepositionum</strong></span> <span class='ocrx_word' id='word_1_117' title='bbox 932 1993 1074 2030; x_wconf 88' lang='lat' dir='ltr'><strong>concursus</strong></span> <span class='ocrx_word' id='word_1_118' title='bbox 1089 1975 1247 2030; x_wconf 85' lang='lat' dir='ltr'><strong>eludatur.»</strong></span> 
     </span>
    </p>

    <p class='ocr_par' dir='ltr' id='par_1_9' title="bbox 171 2058 1246 2129">
     <span class='ocr_line' id='line_1_18' title="bbox 171 2058 1246 2129; baseline 0 -18"><span class='ocrx_word' id='word_1_119' title='bbox 171 2059 219 2112; x_wconf 88' lang='lat' dir='ltr'><strong>Ex.</strong></span> <span class='ocrx_word' id='word_1_120' title='bbox 235 2076 241 2113; x_wconf 94' lang='lat'><strong>:</strong></span> <span class='ocrx_word' id='word_1_121' title='bbox 257 2058 426 2128; x_wconf 83' lang='lat' dir='ltr'><strong>Repairames</strong></span> <span class='ocrx_word' id='word_1_122' title='bbox 435 2058 463 2111; x_wconf 85' lang='lat' dir='ltr'><strong>de</strong></span> <span class='ocrx_word' id='word_1_123' title='bbox 475 2059 563 2112; x_wconf 91' lang='lat' dir='ltr'><strong>Rome</strong></span> <span class='ocrx_word' id='word_1_124' title='bbox 572 2059 683 2112; x_wconf 87' lang='lat' dir='ltr'><strong>cortoier</strong></span> <span class='ocrx_word' id='word_1_125' title='bbox 698 2079 724 2126; x_wconf 75' lang='lat' dir='ltr'><strong>n,</strong></span> <span class='ocrx_word' id='word_1_126' title='bbox 738 2075 786 2129; x_wconf 91' lang='lat' dir='ltr'><strong>pro</strong></span> <span class='ocrx_word' id='word_1_127' title='bbox 799 2076 805 2111; x_wconf 93' lang='lat'>:</span> <span class='ocrx_word' id='word_1_128' title='bbox 818 2059 846 2111; x_wconf 80' lang='lat' dir='ltr'><strong>dr</strong></span> <span class='ocrx_word' id='word_1_129' title='bbox 856 2075 872 2110; x_wconf 87' lang='lat' dir='ltr'><strong>a</strong></span> <span class='ocrx_word' id='word_1_130' title='bbox 883 2059 970 2112; x_wconf 91' lang='lat' dir='ltr'><strong>Rome</strong></span> <span class='ocrx_word' id='word_1_131' title='bbox 984 2059 1096 2112; x_wconf 90' lang='lat' dir='ltr'><strong>cortoier</strong></span> <span class='ocrx_word' id='word_1_132' title='bbox 1105 2079 1119 2108; x_wconf 88' lang='lat'>»</span> <span class='ocrx_word' id='word_1_133' title='bbox 1134 2058 1246 2128; x_wconf 80' lang='lat' dir='ltr'><strong>(Ogier).</strong></span> 
     </span>
    </p>

    <p class='ocr_par' dir='ltr' id='par_1_10' title="bbox 258 2140 1210 2295">
     <span class='ocr_line' id='line_1_19' title="bbox 258 2140 1071 2212; baseline 0.002 -18"><span class='ocrx_word' id='word_1_134' title='bbox 258 2142 280 2194; x_wconf 93' lang='lat' dir='ltr'><strong>Il</strong></span> <span class='ocrx_word' id='word_1_135' title='bbox 293 2140 463 2195; x_wconf 88' lang='lat' dir='ltr'><strong>s’entroublie</strong></span> <span class='ocrx_word' id='word_1_136' title='bbox 474 2159 503 2194; x_wconf 83' lang='lat' dir='ltr'><strong>en</strong></span> <span class='ocrx_word' id='word_1_137' title='bbox 514 2141 533 2194; x_wconf 95' lang='lat' dir='ltr'><strong>li</strong></span> <span class='ocrx_word' id='word_1_138' title='bbox 545 2158 646 2212; x_wconf 91' lang='lat' dir='ltr'><strong>penser,</strong></span> <span class='ocrx_word' id='word_1_139' title='bbox 661 2157 708 2211; x_wconf 93' lang='lat' dir='ltr'><strong>pro</strong></span> <span class='ocrx_word' id='word_1_140' title='bbox 723 2159 729 2194; x_wconf 77' lang='grc' dir='ltr'>ε</span> <span class='ocrx_word' id='word_1_141' title='bbox 743 2159 773 2194; x_wconf 82' lang='lat' dir='ltr'><strong>en</strong></span> <span class='ocrx_word' id='word_1_142' title='bbox 784 2158 799 2194; x_wconf 86' lang='lat' dir='ltr'><strong>a</strong></span> <span class='ocrx_word' id='word_1_143' title='bbox 811 2140 829 2194; x_wconf 96' lang='lat' dir='ltr'><strong>li</strong></span> <span class='ocrx_word' id='word_1_144' title='bbox 842 2157 936 2211; x_wconf 86' lang='lat' dir='ltr'><strong>penset</strong></span> <span class='ocrx_word' id='word_1_145' title='bbox 949 2141 1071 2210; x_wconf 84' lang='lat' dir='ltr'><strong>(Claris).</strong></span> 
     </span>
     <span class='ocr_line' id='line_1_20' title="bbox 258 2217 1210 2295; baseline 0.001 -18"><span class='ocrx_word' id='word_1_146' title='bbox 258 2223 279 2277; x_wconf 93' lang='lat' dir='ltr'><strong>Il</strong></span> <span class='ocrx_word' id='word_1_147' title='bbox 293 2224 335 2277; x_wconf 88' lang='lat' dir='ltr'><strong>n’a</strong></span> <span class='ocrx_word' id='word_1_148' title='bbox 349 2217 412 2278; x_wconf 84' lang='lat' dir='ltr'><strong>nule</strong></span> <span class='ocrx_word' id='word_1_149' title='bbox 426 2224 572 2278; x_wconf 89' lang='lat' dir='ltr'><strong>nouvielles</strong></span> <span class='ocrx_word' id='word_1_150' title='bbox 585 2242 630 2277; x_wconf 85' lang='lat' dir='ltr'><strong>sur</strong></span> <span class='ocrx_word' id='word_1_151' title='bbox 641 2240 788 2278; x_wconf 88' lang='lat' dir='ltr'><strong>mescreans</strong></span> <span class='ocrx_word' id='word_1_152' title='bbox 802 2223 865 2290; x_wconf 91' lang='lat' dir='ltr'><strong>aler,</strong></span> <span class='ocrx_word' id='word_1_153' title='bbox 881 2241 929 2295; x_wconf 90' lang='lat' dir='ltr'><strong>pro</strong></span> <span class='ocrx_word' id='word_1_154' title='bbox 944 2241 949 2276; x_wconf 96' lang='lat'><strong>:</strong></span> <span class='ocrx_word' id='word_1_155' title='bbox 963 2225 1045 2277; x_wconf 77' lang='lat' dir='ltr'><strong>detur</strong></span> <span class='ocrx_word' id='word_1_156' title='bbox 1056 2240 1210 2278; x_wconf 82' lang='lat' dir='ltr'><strong>mesereans.</strong></span> 
     </span>
    </p>

    <p class='ocr_par' dir='ltr' id='par_1_11' title="bbox 169 2305 792 2367">
     <span class='ocr_line' id='line_1_21' title="bbox 169 2305 792 2367; baseline 0.005 -10"><span class='ocrx_word' id='word_1_157' title='bbox 169 2305 274 2367; x_wconf 86' lang='lat' dir='ltr'><strong>Quibus</strong></span> <span class='ocrx_word' id='word_1_158' title='bbox 287 2306 351 2360; x_wconf 90' lang='lat' dir='ltr'><strong>locis</strong></span> <span class='ocrx_word' id='word_1_159' title='bbox 365 2307 461 2361; x_wconf 90' lang='lat' dir='ltr'><strong>Museti</strong></span> <span class='ocrx_word' id='word_1_160' title='bbox 475 2324 564 2361; x_wconf 88' lang='lat' dir='ltr'><strong>versus</strong></span> <span class='ocrx_word' id='word_1_161' title='bbox 578 2319 640 2361; x_wconf 93' lang='lat' dir='ltr'><strong>sunt</strong></span> <span class='ocrx_word' id='word_1_162' title='bbox 654 2306 792 2361; x_wconf 83' lang='lat' dir='ltr'><strong>simillimi.</strong></span> 
     </span>
    </p>
   </div>
   <div class='ocr_carea' id='block_1_5' title="bbox 169 2401 1243 2548">
    <p class='ocr_par' dir='ltr' id='par_1_12' title="bbox 169 2401 1243 2548">
     <span class='ocr_line' id='line_1_22' title="bbox 169 2401 1243 2474; baseline 0.001 -18"><span class='ocrx_word' id='word_1_163' title='bbox 169 2430 204 2442; x_wconf 91' lang='lat'><strong>·-</strong></span> <span class='ocrx_word' id='word_1_164' title='bbox 215 2402 250 2456; x_wconf 89' lang='lat' dir='ltr'><strong>V.</strong></span> <span class='ocrx_word' id='word_1_165' title='bbox 264 2417 309 2468; x_wconf 84' lang='lat'><strong>44.</strong></span> <span class='ocrx_word' id='word_1_166' title='bbox 323 2403 358 2456; x_wconf 86' lang='lat' dir='ltr'><strong>Et</strong></span> <span class='ocrx_word' id='word_1_167' title='bbox 363 2405 398 2474; x_wconf 82' lang='lat' dir='ltr'><strong>je,</strong></span> <span class='ocrx_word' id='word_1_168' title='bbox 409 2410 461 2456; x_wconf 80' lang='lat' dir='ltr'><strong>cent</strong></span> <span class='ocrx_word' id='word_1_169' title='bbox 473 2410 537 2467; x_wconf 86' lang='lat' dir='ltr'><strong>tans,</strong></span> <span class='ocrx_word' id='word_1_170' title='bbox 551 2403 588 2455; x_wconf 86' lang='lat' dir='ltr'><strong>lor</strong></span> <span class='ocrx_word' id='word_1_171' title='bbox 601 2405 702 2472; x_wconf 72' lang='lat' dir='ltr'><strong>refusur.</strong></span> <span class='ocrx_word' id='word_1_172' title='bbox 713 2401 756 2456; x_wconf 89' lang='lat' dir='ltr'><strong>Cf.</strong></span> <span class='ocrx_word' id='word_1_173' title='bbox 771 2401 878 2468; x_wconf 91' lang='lat' dir='ltr'><strong>Tobler,</strong></span> <span class='ocrx_word' id='word_1_174' title='bbox 892 2403 973 2457; x_wconf 81' lang='lat' dir='ltr'><strong>Verm.</strong></span> <span class='ocrx_word' id='word_1_175' title='bbox 990 2403 1079 2468; x_wconf 66' lang='lat' dir='ltr'><strong>Beitr„</strong></span> <span class='ocrx_word' id='word_1_176' title='bbox 1088 2420 1114 2474; x_wconf 89' lang='lat' dir='ltr'><strong>p.</strong></span> <span class='ocrx_word' id='word_1_177' title='bbox 1132 2418 1191 2472; x_wconf 90' lang='lat'><strong>150,</strong></span> <span class='ocrx_word' id='word_1_178' title='bbox 1200 2420 1243 2457; x_wconf 92' lang='lat' dir='ltr'><strong>ss:</strong></span> 
     </span>
     <span class='ocr_line' id='line_1_23' title="bbox 468 2483 842 2548; baseline 0 -10"><span class='ocrx_word' id='word_1_179' title='bbox 468 2483 554 2538; x_wconf 90' lang='lat' dir='ltr'><strong>Moult</strong></span> <span class='ocrx_word' id='word_1_180' title='bbox 566 2496 605 2538; x_wconf 92' lang='lat' dir='ltr'><strong>ert</strong></span> <span class='ocrx_word' id='word_1_181' title='bbox 618 2500 734 2538; x_wconf 89' lang='lat' dir='ltr'><strong>avenanz</strong></span> <span class='ocrx_word' id='word_1_182' title='bbox 746 2497 773 2548; x_wconf 85' lang='lat' dir='ltr'><strong>et</strong></span> <span class='ocrx_word' id='word_1_183' title='bbox 784 2484 842 2538; x_wconf 91' lang='lat' dir='ltr'><strong>bele</strong></span> 
     </span>
    </p>
   </div>
   <div class='ocr_carea' id='block_1_6' title="bbox 467 2567 1207 2722">
    <p class='ocr_par' dir='ltr' id='par_1_13' title="bbox 467 2567 1207 2722">
     <span class='ocr_line' id='line_1_24' title="bbox 467 2567 874 2638; baseline 0.005 -19"><span class='ocrx_word' id='word_1_184' title='bbox 467 2567 515 2620; x_wconf 92' lang='lat' dir='ltr'><strong>Dis</strong></span> <span class='ocrx_word' id='word_1_185' title='bbox 529 2578 586 2620; x_wconf 89' lang='lat' dir='ltr'><strong>tans</strong></span> <span class='ocrx_word' id='word_1_186' title='bbox 599 2584 650 2638; x_wconf 91' lang='lat' dir='ltr'><strong>que</strong></span> <span class='ocrx_word' id='word_1_187' title='bbox 662 2567 718 2621; x_wconf 92' lang='lat' dir='ltr'><strong>dire</strong></span> <span class='ocrx_word' id='word_1_188' title='bbox 729 2584 764 2620; x_wconf 93' lang='lat' dir='ltr'><strong>ne</strong></span> <span class='ocrx_word' id='word_1_189' title='bbox 774 2568 874 2638; x_wconf 87' lang='lat' dir='ltr'><strong>poroie.</strong></span> 
     </span>
     <span class='ocr_line' id='line_1_25' title="bbox 572 2649 1207 2722; baseline -0.003 -18"><span class='ocrx_word' id='word_1_190' title='bbox 572 2650 611 2704; x_wconf 80' lang='lat' dir='ltr'><strong>De</strong></span> <span class='ocrx_word' id='word_1_191' title='bbox 624 2650 781 2722; x_wconf 81' lang='lat' dir='ltr'><strong>Montaiglon</strong></span> <span class='ocrx_word' id='word_1_192' title='bbox 792 2657 815 2703; x_wconf 82' lang='lat' dir='ltr'><strong>et</strong></span> <span class='ocrx_word' id='word_1_193' title='bbox 827 2649 955 2720; x_wconf 83' lang='lat' dir='ltr'><strong>Raynaud,</strong></span> <span class='ocrx_word' id='word_1_194' title='bbox 970 2649 1102 2716; x_wconf 80' lang='lat' dir='ltr'><strong>Fabliuux,</strong></span> <span class='ocrx_word' id='word_1_195' title='bbox 1115 2650 1149 2715; x_wconf 92' lang='lat' dir='ltr'><strong>II,</strong></span> <span class='ocrx_word' id='word_1_196' title='bbox 1163 2650 1207 2716; x_wconf 84' lang='lat'><strong>48.</strong></span> 
     </span>
    </p>
   </div>
   <div class='ocr_carea' id='block_1_7' title="bbox 0 0 1396 4980">
    <p class='ocr_par' dir='ltr' id='par_1_14' title="bbox 0 0 1396 4980">
     <span class='ocr_line' id='line_1_26' title="bbox 0 0 1396 4980; baseline 0 16"><span class='ocrx_word' id='word_1_197' title='bbox 0 0 1396 4980; x_wconf 95' lang='lat' dir='ltr'><strong> </strong></span> 
     </span>
    </p>
   </div>
  </div>
 </body>
</html>
