2782 4980
538 410 713 478 ..31-

66 530 212 599 sionibus
240 550 379 622 captatae
401 555 490 600 mera
509 556 579 622 spes
604 532 858 622 anteponenda¹‚
886 531 986 601 dulcis
1008 551 1039 600 et
1057 551 1184 622 optatus

68 643 171 729 dolor,
188 644 407 736 gaudiumque
425 648 549 734 injuriis
565 648 738 716 vivacius².

115 787 131 823 u
154 758 316 828 Gaudium
337 787 353 824 ›>
373 781 480 830 autern
498 786 536 830 ex
555 761 723 830 unofonte
738 761 869 850 profluit
893 784 900 829 :
921 785 1050 851 prorsus
1068 764 1183 832 Amori

68 897 213 945 amantes
231 876 410 946 confidunt.
431 878 517 946 Cum
539 875 627 945 nulla
652 896 762 945 ament
783 878 844 944 nisi
867 875 1179 967 bonapulchraque,

68 1016 144 1060 cum
163 991 313 1060 dominae
328 992 472 1060 favorem
487 992 653 1080 patientiae
668 1009 700 1058 et
724 988 800 1058 fidei
822 992 977 1080 impensis
999 1010 1184 1061 consecten-

67 1127 130 1183 tur,
169 1108 262 1176 citius
293 1106 453 1175 tardiusve
489 1125 538 1174 tot
573 1107 729 1174 virtutum
762 1104 945 1174 mercedem
974 1126 1184 1196 assequentur

70 1220 264 1311 (guarredon)
277 1240 285 1282 τ
296 1224 397 1289 Amor
407 1222 495 1289 enirn
505 1222 585 1289 sicut
594 1222 694 1304 Deus,
712 1222 766 1309 qui
780 1221 875 1288 insita
890 1219 1028 1309 quadam
1044 1223 1185 1289 necessi-

68 1354 131 1405 tate
145 1338 250 1403 virum
260 1334 397 1425 probum
417 1354 637 1404 remuneratur
659 1360 666 1402 :
689 1358 818 1403 necesse
832 1352 882 1403 est
898 1354 934 1404 ut
952 1359 1010 1425 pro
1030 1338 1184 1426 cujusque

70 1451 186 1517 merito
206 1451 397 1539 persolvat.
422 1451 630 1540 Quicumque
649 1451 763 1516 Amori
787 1473 820 1517 se
842 1452 988 1538 permisit
1007 1469 1039 1518 et
1060 1452 1100 1518 in¹
1117 1453 1185 1538 ejus

70 1563 134 1632 fide
158 1584 260 1634 totam
284 1588 412 1633 causam
436 1567 577 1654 reposuit
587 1578 613 1647 4,
638 1563 695 1632 sub
721 1563 837 1632 umbra
859 1567 939 1632 tanti
965 1564 1070 1632 auxilii
1093 1565 1187 1634 lateat

69 1698 102 1747 et
125 1681 263 1768 quiescat
286 1705 294 1747 ι
321 1699 357 1748 ut
377 1680 452 1762 Dei,
478 1680 523 1747 sic
551 1680 681 1747 Amoris
704 1681 889 1767 injustitiam
912 1679 1053 1749 humana
1078 1701 1186 1750 mente

68 1793 241 1884 complecti
264 1794 363 1862 nefas.
392 1795 443 1862 Sic
465 1792 778 1882 argumentabantur,
803 1792 861 1860 hac
887 1794 1068 1862 firmissima
1088 1796 1187 1864 ratio·

69 1909 230 1976 cinatione
250 1911 423 1998 pessimam
442 1909 607 1975 miseriam
626 1891 875 1976 consolabantur
896 1909 1033 1998 majores
1052 1912 1154 1979 nostri
1175 1935 1183 1977 :

72 2049 89 2086 u
110 2024 254 2092 Domina
270 2047 341 2090 mea
359 2021 501 2113 prudens
517 2040 582 2104 est;
602 2023 704 2090 Amor
723 2024 881 2105 sincerus;
904 2046 964 2111 ego
984 2043 1103 2107 autem,
1127 2048 1185 2113 pro
1230 2007 1255 2059 .'

69 2138 153 2206 virili
167 2158 255 2227 parte
270 2161 342 2205 mea
352 2135 449 2206 fidus.
466 2139 548 2224 Ergo
563 2156 763 2226 praesentem
777 2136 996 2207 infelicitatem
1011 2138 1105 2206 flocci
1120 2162 1187 2207 non

72 2253 156 2320 facio
174 2274 269 2319 :nam
283 2251 464 2321 mercedem
479 2254 658 2320 necessario
672 2252 825 2341 accipiam
836 2261 859 2319 5.
877 2277 893 2314 »
906 2252 990 2336 imo,
1004 2254 1107 2321 Amor
1119 2253 1188 2320 duci

110 2436 133 2475 1.
153 2420 251 2484 Adam,
266 2420 326 2486 XII,
341 2437 367 2490 p.
385 2432 426 2486 50.
443 2439 457 2469 «
472 2419 524 2473 Car
537 2435 593 2473 mes
607 2418 708 2490 espoirs
720 2431 784 2472 vaur
796 2419 910 2473 d'autrui
920 2418 945 2473 le
956 2421 1016 2492 intr.
1029 2441 1043 2472 >r

107 2519 133 2559 2.
154 2504 253 2572 Adam,
268 2503 356 2569 XXX,
371 2521 397 2574 p.
418 2503 476 2558 116.
492 2503 529 2557 La
543 2517 679 2558 savereuse
696 2502 748 2574 joie
767 2535 801 2544 -
816 2503 896 2558 C'om
911 2521 945 2558 ne
959 2516 1023 2576 puet
1036 2516 1096 2575 trop
1111 2504 1187 2557 acha-

69 2601 110 2642 ter
123 2619 159 2629 -
172 2589 214 2643 Ne
228 2587 346 2642 desirrer.

280 2688 281 2693 ’
319 2685 390 2738 Pour
401 2700 451 2751 §ou
463 2700 491 2737 se
504 2684 576 2756 j'aim
588 2696 615 2738 et
625 2684 671 2754 jou
686 2700 720 2737 ne
733 2685 774 2737 sui
788 2686 871 2751 ames,

318 2767 378 2823 N’ai
391 2783 437 2838 pas
450 2767 532 2822 taient
544 2784 596 2839 que
607 2783 677 2822 mete
692 2784 726 2821 en
737 2768 875 2822 oubliance

320 2851 378 2907 Celi
390 2851 423 2905 de
437 2852 483 2924 qui
496 2852 570 2906 vient
584 2869 628 2906 ma
641 2851 763 2921 jolivetes
778 2870 784 2905 :

321 2937 373 2991 Car
387 2935 449 2990 s'ele
463 2937 488 3006 ja
502 2936 601 2989 n’avoit
612 2953 675 2990 cuer
685 2953 719 2991 ne
729 2935 873 2991 voeillance

318 3019 512 3073 D’amenuisier
523 3036 567 3072 ma
578 3021 631 3073 tres
642 3019 728 3074 douce
741 3036 880 3090 grevance,

318 3102 346 3156 Si
360 3119 404 3156 me
418 3102 462 3156 doi
475 3103 521 3174 jou
535 3102 568 3156 de
579 3102 632 3156 fine
643 3119 720 3156 amor
730 3102 787 3156 loer
802 3121 808 3156 :

320 3186 372 3242 Car
385 3203 431 3259 par
444 3187 462 3240 li
476 3188 501 3240 ai
514 3186 540 3241 le
554 3203 676 3240 savereus
687 3202 813 3257 penset...
826 3198 900 3240 etc...

578 3271 731 3341 v(Robertus
741 3270 770 3323 da
783 3268 876 3336 Kastel,
889 3270 1016 3339 Mamer,
1033 3290 1058 3344 p.
1074 3276 1134 3345 21.)

320 3367 388 3423 Nuls
402 3385 436 3422 ne
449 3367 505 3422 doit
518 3367 623 3422 Amour
634 3367 714 3422 servir
726 3382 760 3419 en
773 3365 901 3432 dotance3

319 3452 372 3508 Cat
383 3469 398 3505 a
409 3451 523 3506 chascun
536 3463 595 3505 rent
605 3450 682 3506 selon
694 3467 722 3505 sa
734 3449 861 3504 vaillance
877 3467 884 3521 ;

319 3535 432 3591 Blondel
446 3554 461 3590 a
475 3535 509 3591 de
522 3547 593 3589 mort
605 3552 620 3589 a
633 3535 674 3588 vie
688 3534 806 3589 conduit.

681 3617 815 3690 (Blondel‚
827 3617 915 3684 Bran,
931 3617 1035 3687 Chatta,
1058 3621 1098 3690 1.)

386 3716 478 3771 Onkes
489 3733 522 3771 ne
535 3716 566 3770 fis
582 3733 597 3770 a
609 3715 706 3770 escient

390 3799 489 3855 Contre
504 3801 591 3854 Amor
602 3816 636 3854 ne
648 3816 694 3854 sen
706 3814 740 3853 ne
751 3797 822 3864 folie,

391 3884 460 3938 Ainz
474 3884 514 3937 sui
527 3900 542 3937 a
556 3899 605 3938 son
619 3883 863 3938 commendement.

742 3966 838 4036 (Gace,
851 3966 941 4034 Arch„
953 3965 1092 4039 CXXIV.)

108 4055 133 4108 5.
151 4038 265 4112 Jacobus
278 4038 307 4092 de
318 4037 404 4104 Cison,
419 4037 545 4108 Mdtqner,
564 4035 605 4091 16.
