2782 4980
177 503 267 583 Quid
284 502 358 572 inde
375 504 586 594 collegimus?
602 507 704 595 Prope
723 504 834 572 eadem
848 527 930 594 quae
949 504 998 573 vir
1011 501 1252 571 eruditissimus
1312 554 1314 561 .

132 621 169 687 Ρ.
191 620 279 687 Paris
298 620 435 706 conjecit
456 644 463 687 ε
485 620 603 688 scilicet
619 638 747 708 poetam
767 638 914 688 nostrum
930 620 1103 708 incipiente
1122 617 1253 686 saeculo

131 735 225 803 tertio
252 733 376 802 decimo
399 736 434 800 in
458 734 666 822 Lotharingia
693 754 725 804 et
747 735 922 824 Campania
948 733 1114 817 floruisse5
1142 753 1253 802 utrum

134 851 215 917 circa
233 873 261 917 a.
283 850 504 918 MCLXXXV
526 848 711 918 adolescens
730 874 770 917 an
790 852 872 918 circa
892 873 921 917 a.
941 848 1136 918 MCCXXX
1154 870 1255 915 senex

135 987 264 1032 carmen
279 962 486 1033 Vademontii
499 965 613 1033 comiti
629 963 792 1049 dicaverit,
811 987 927 1052 anceps
942 983 973 1033 et
988 965 1161 1031 incertum.

180 1079 280 1159 Quod
291 1098 399 1148 autem
408 1102 511 1169 genus
523 1081 606 1147 vitae
623 1078 786 1169 degendae
801 1078 861 1146 sibi
875 1079 1088 1159 constituerit,
1105 1099 1124 1144 e
1138 1101 1257 1146 venus·

133 1195 175 1262 tis
194 1194 319 1263 Nicolai
341 1194 504 1263 versibus1
524 1196 599 1262 satis
622 1195 840 1283 perspicuum.
865 1195 950 1262 Nam
972 1219 988 1255 «
1009 1191 1254 1260 ministerelliu

137 1326 238 1375 artem
252 1311 404 1392 exercuit,
420 1309 493 1397 vagi
505 1307 648 1398 quidem,
663 1331 721 1375 nec
735 1308 789 1376 ulli
799 1327 935 1398 patrono
948 1325 1129 1376 constanter
1140 1305 1255 1389 additi,

139 1444 205 1489 non
233 1421 370 1490 famelici
396 1442 503 1489 tamen
534 1446 594 1490 nec
625 1425 773 1512 pannosi.
806 1424 975 1491 Enimvero
1003 1421 1143 1490 scurrilis
1171 1422 1257 1489 vitae

139 1537 283 1605 miserias
302 1560 369 1604 non
383 1539 519 1605 omnino
538 1538 673 1624 effugit:
692 1555 839 1626 expertus
858 1555 905 1605 est
923 1537 1052 1606 illustris
1070 1535 1123 1604 ille
1145 1561 1163 1598 <r
1186 1537 1258 1603 Pri·

136 1653 277 1719 vinensis
302 1672 334 1720 et
358 1653 571 1721 Tricassensis
598 1651 791 1721 Academiae
820 1650 938 1720 sodalis
968 1677 999 1735 ›>,
1032 1671 1181 1740 expertus
1211 1671 1261 1720 est

137 1769 272 1855 popinas
292 1766 408 1856 quibus
431 1768 558 1835 tesseris
583 1766 706 1836 assidue
729 1765 864 1851 luditur,
892 1786 924 1834 et
947 1765 1162 1835 tabernarium
1186 1768 1259 1856 qui,

142 1880 237 1969 pallio
257 1883 383 1970 pignori
406 1904 553 1971 accept0‚
575 1881 654 1949 nihil
671 1881 784 1950 credit.
803 1884 881 1951 Non
898 1902 1006 1950 tamen
1030 1880 1109 1950 adeo
1129 1883 1230 1949 miser
1251 1908 1259 1950 ι

143 2018 243 2085 equus
263 2015 330 2064 erat
348 1995 485 2066 Nicolao
506 2015 617 2065 nostro
635 1998 795 2087 proprius,
818 2022 885 2086 quo
903 2016 1011 2066 vectus
1033 2023 1049 2059 u
1072 1996 1200 2065 tolutim
1222 1995 1263 2065 ad

143 2110 246 2177 malos
268 2128 421 2199 patronos
443 2113 502 2179 iret
526 2137 564 2195 »ς
589 2132 677 2180 erant
700 2113 818 2201 proprii
840 2111 932 2197 lates,
959 2132 1027 2180 erat
1049 2112 1138 2179 domi
1163 2135 1259 2195 uxor,

143 2247 237 2314 quae,
264 2223 342 2293 dum
369 2226 568 2316 exspectabat
592 2229 775 2315 conjugem,
803 2246 898 2309 caste,
927 2245 963 2295 ut
987 2245 1072 2294 casta
1096 2228 1260 2311 Lucretia,

141 2338 249 2408 fusum
264 2339 407 2410 versabat
413 2365 423 2422 3
440 2360 530 2410 etant
544 2340 684 2409 famulus
698 2360 729 2409 et
744 2341 873 2426 famula,
889 2343 1049 2431 crassique
1068 2364 1209 2430 capones
1225 2345 1261 2410 in

142 2453 281 2522 verubus
297 2455 467 2545 coquendi.

183 2688 206 2727 1.
224 2673 282 2728 Hoc
295 2673 387 2728 confer
400 2691 505 2747 poema,
519 2675 591 2746 quod
606 2676 643 2730 sic
655 2674 744 2747 incipit
761 2691 768 2728 ε

482 2779 494 2810 «
514 2758 570 2813 Sire
582 2773 675 2826 cuens,
689 2758 732 2830 j'ai
743 2758 809 2812 viele

481 2843 586 2897 Devant
597 2860 654 2910 vos,
669 2859 703 2896 en
716 2856 803 2898 vostre
817 2844 907 2897 oste...
924 2862 938 2894 n
