2782 4980
606 451 782 520 „51-

179 574 251 640 Hoc
269 574 366 660 igitur
387 575 421 640 in
443 577 605 641 amatoriis
624 574 822 642 carminibus
844 574 904 641 sibi
921 576 1087 663 proprium
1104 598 1139 642 ac
1156 597 1252 664 pecu·

133 687 208 753 liare
233 688 377 756 Musetus
402 687 519 756 habere
541 688 683 772 videtur,
712 687 800 778 quod
819 691 927 756 nescio
951 690 1028 778 quid
1053 691 1087 755 in
1112 691 1151 756 iis
1175 712 1250 757 vere

130 802 280 889 gallicum
307 822 412 886 sonat,
440 822 472 870 et
509 805 637 872 insitam
660 805 749 892 genti
773 822 901 871 nostrae
927 801 1120 871 hilaritatem
1143 803 1250 871 refert.
1311 857 1312 860 ,

134 916 234 1004 Finge
262 915 340 984 haec
365 919 506 984 carmina
534 908 633 985 modo
660 919 820 1007 graviore,
849 918 953 1007 qualis
980 937 1028 986 est
1056 917 1255 1007 hymnorum
1343 980 1348 987 .

135 1052 310 1110 sacrorum,
327 1030 508 1114 decantari,
524 1050 561 1099 ut
573 1055 646 1100 mos
661 1053 726 1100 erat
748 1057 755 1100 :
778 1036 837 1100 ista
855 1030 1044 1115 modulatio,
1061 1031 1158 1115 lenta,
1175 1033 1255 1099 seria

135 1167 171 1209 ac
187 1147 304 1232 gravis,
329 1146 387 1212 ista
403 1168 620 1215 numerorum
647 1148 795 1231 varietas
816 1150 875 1215 ista
889 1143 1064 1214 disserendi
1079 1146 1250 1228 subtilitas,

135 1280 212 1325 cum
230 1258 349 1342 subito,
368 1278 480 1329 coorto
496 1262 561 1329 risu
576 1259 774 1351 facetiisque,
792 1263 1090 1350 interrumperetur,
1108 1282 1251 1349 quonam

134 1371 236 1440 modo
268 1374 404 1440 animos
438 1372 638 1442 audientium
678 1375 833 1443 affectura
870 1375 954 1442 erati
990 1397 1072 1463 quae
1104 1376 1150 1442 vis
1180 1375 1254 1443 inde

136 1491 275 1554 comica!

662 1684 721 1751 IV.

180 1900 262 1969 Illud
294 1920 453 1990 praeterea
488 1899 667 1969 notandum
701 1902 869 1970 Musetum
907 1905 1047 1991 poemati
1076 1905 1252 1986 amatoriis,

137 2039 218 2106 quae
233 2016 364 2106 quidem
380 2015 497 2084 nobilis
512 2038 648 2104 poeseos
668 2015 772 2084 forma
791 2035 851 2100 est,
874 2041 968 2084 usum
990 2041 1060 2085 esse
1086 2038 1121 2087 ut
1138 2019 1254 2107 gaudia

137 2155 173 2199 ac
191 2130 353 2199 molestias
367 2132 451 2199 vitae
470 2153 545 2198 suae
564 2132 767 2218 exprimeret.
790 2129 932 2199 Attende
948 2135 1038 2199 enim
1057 2132 1253 2201 celebratum

136 2269 276 2328 cannen,
294 2244 382 2335 quod
400 2246 445 2312 sic
457 2247 566 2333 incipit
584 2266 591 2308 ε

382 2388 451 2455 Sire
465 2409 574 2468 cuens,
591 2387 641 2472 j'ai
656 2386 739 2454 vielb

382 2503 508 2569 Devant
526 2523 597 2584 vos,
614 2525 654 2568 en
670 2518 776 2568 vostre
789 2500 913 2570 ostel...

182 2645 289 2713 Nemo
305 2665 448 2731 unquam
459 2641 542 2731 apud
557 2665 617 2709 nos
630 2644 760 2726 exstitit,
771 2644 855 2711 inter
864 2645 1045 2732 scriptores,
1056 2647 1111 2734 qui
1122 2669 1254 2713 manum

139 2756 179 2826 ad
198 2761 312 2845 stipem
327 2755 501 2846 elegantius
516 2758 686 2846 porigeret‚
704 2780 739 2824 ac
754 2755 899 2825 libertate
920 2757 1089 2826 urbaniore
1108 2760 1142 2826 in
1159 2782 1253 2828 men-

139 2871 275 2940 dicando
289 2890 440 2940 uteretur.
455 2872 575 2940 Nonne
590 2872 679 2938 enim
692 2890 725 2938 et
738 2874 804 2960 ipse
820 2891 851 2940 et
866 2891 933 2940 tota
947 2872 1001 2940 illa
1015 2874 1161 2962 epicurea
1168 2877 1253 2963 jocu-

139 2988 271 3054 latorum
289 3004 385 3068 secta,
403 2985 539 3055 vividius
553 2988 643 3076 quasi
661 3009 822 3075 expressa,
840 2986 892 3054 his
907 2987 1049 3056 versibus
1063 2991 1181 3078 spirat?

383 3126 461 3194 L'en
480 3127 615 3217 m’apele
631 3126 728 3195 Colin
742 3129 850 3196 Muset
867 3153 874 3195 :

384 3240 449 3310 S’ai
462 3244 589 3329 mangie
604 3243 708 3308 maint
722 3241 786 3309 bon
802 3240 976 3330 chaponet‚

384 3358 506 3424 Mainte
526 3354 628 3439 haste,
643 3357 745 3423 maint
755 3356 899 3444 gastelet‚

383 3474 431 3539 En
449 3472 574 3558 vergiet
587 3490 618 3539 et
635 3494 676 3538 en
694 3470 829 3560 praelet3

386 3587 423 3655 Et
436 3602 535 3675 quant
546 3587 576 3672 je
590 3586 661 3675 puis
673 3604 743 3653 oste
759 3604 877 3669 novet,

385 3701 452 3778 Qui
470 3718 545 3769 vuet
559 3701 680 3769 acroire
699 3718 732 3768 et
745 3698 819 3767 bien
836 3719 970 3789 prester,

386 3812 496 3882 Adont
507 3838 560 3881 me
574 3832 666 3902 prent
681 3837 699 3881 a
717 3817 860 3901 seiornet

389 3928 506 3998 Selonc
522 3929 553 3996 la
568 3928 718 3997 blondete
733 3952 773 3996 au
791 3932 839 3998 vis
855 3929 931 3997 cler.

388 4044 461 4113 N’ai
480 4066 555 4112 cure
572 4043 612 4111 de
629 4045 743 4111 roncin
762 4045 861 4113 lasset
