2782 4980
543 414 717 482 „15-

69 540 240 609 simulacra
253 539 353 606 sancti
370 536 488 623 Juliani
502 538 615 624 januas
631 554 747 604 ornent
770 560 777 602 ε
803 557 944 624 quorum
964 532 1100 602 alterum
1118 556 1184 600 non

72 655 212 736 Nicolai,
230 652 285 720 sed
299 653 404 721 Sancti
418 652 556 732 Ginesti,
574 650 710 719 alterum
726 668 833 719 autem
848 673 913 717 non
926 648 1054 719 Nicolai
1066 650 1185 728 uxoris,

75 768 131 837 sed
152 769 259 836 Sancti
276 766 405 853 Juliani,
424 765 638 854 joculatorum
656 766 795 855 patroni,
815 763 956 854 effigiem
976 761 1112 832 reddit¹.
1137 763 1188 831 Sic

75 884 114 952 de
133 883 245 950 ceteris
261 882 329 948 istis
347 879 472 949 fabulis.

116 999 188 1065 Hoc
206 1016 312 1064 tamen
329 992 413 1063 haud
430 993 596 1084 illepidum
616 1016 623 1061 :
643 992 761 1063 scilicet
781 1016 895 1061 eorum
917 1002 1013 1076 μύθων
1030 991 1187 1061 nucleum

72 1131 229 1201 retegere,
259 1128 291 1178 et
318 1109 440 1177 fontem
462 1132 501 1176 ex
534 1132 600 1198 quo
619 1109 816 1176 manaverint
839 1104 1077 1195 deprehendere
1098 1106 1184 1174 licet.

74 1226 170 1295 Solus
184 1227 271 1293 enim
286 1243 333 1293 tot
346 1224 473 1292 somnia
488 1224 577 1292 locus
594 1225 738 1292 excitavit
757 1246 774 1289 a
792 1220 928 1290 candido
943 1219 1102 1311 doctoque
1120 1223 1190 1289 viro

74 1340 216 1422 Fauchct,
239 1341 368 1408 Henrici
386 1339 432 1405 IV
451 1337 649 1427 temporibus
672 1339 806 1428 scriptus
827 1362 834 1405 :
859 1337 928 1426 qui,
950 1360 1024 1404 cum
1042 1336 1082 1404 de
1103 1336 1191 1405 hisce

76 1457 193 1522 Museti
207 1452 350 1522 versibus
366 1471 474 1543 ageret

405 1594 495 1680 J’alai
514 1617 532 1660 a
548 1594 571 1661 li
586 1593 615 1661 el
631 1592 751 1683 praelet

408 1711 441 1778 Ο
455 1728 503 1776 tot
514 1707 546 1776 la
560 1708 654 1777 vielle
673 1729 702 1776 et
718 1707 859 1791 l’archet‚

75 1854 144 1941 jure
157 1870 189 1920 et
202 1853 389 1918 innocenter
403 1849 627 1918 animadvertit
641 1846 704 1918 hoc
719 1847 816 1918 verbo
832 1848 919 1917 vielle
932 1848 1018 1917 idem
1034 1873 1193 1940 organum

76 1965 293 2054 significatum
307 1964 402 2033 fuisse
418 1989 484 2055 quo
499 1963 580 2033 ludit
595 1981 668 2031 ante
683 1966 793 2052 januas
812 1965 918 2032 Sancti
936 1963 1052 2049 Juliani
1066 1964 1193 2035 aedium

77 2080 234 2167 joculator
249 2077 381 2169 quidam
397 2080 576 2169 exsculptus
587 2090 611 2146 ².
633 2075 769 2145 -Inde
789 2095 837 2145 tot
851 2076 992 2146 fabulae!

124 2195 193 2263 Cur
210 2213 319 2261 autem
337 2211 385 2261 tot
404 2195 642 2262 commenticias
663 2216 776 2282 nugas,
801 2192 989 2280 jamdudum
1009 2216 1026 2260 a
1045 2194 1081 2261 P.
1107 2194 1194 2261 Paris

79 2309 118 2378 ad
131 2308 269 2378 nihilum
288 2309 442 2391 redactas,
462 2308 688 2376 refricuimus?

123 2423 250 2492 Scilicet
266 2421 330 2491 hoc
358 2422 576 2513 spectaculum
603 2421 690 2491 haud
718 2419 930 2510 injucundum
956 2441 1004 2491 est
1033 2441 1064 2491 et
1091 2423 1193 2492 oculis

77 2536 321 2629 capessendum,
338 2540 364 2605 si
374 2538 455 2606 forte
468 2537 668 2605 eruditorum
682 2535 854 2626 quamdam
870 2535 1011 2605 fabulam
1025 2560 1082 2626 per
1092 2537 1195 2606 flexus

79 2654 244 2742 variasque
263 2654 487 2720 conversiones
506 2654 651 2742 persequi
670 2650 755 2733 licet,
774 2675 865 2740 quae,
886 2653 966 2719 sicut
987 2677 1004 2712 «
1024 2650 1196 2721 Chimaera

81 2766 272 2834 bombinans
295 2791 311 2829 »
334 2791 390 2857 per
409 2765 616 2835 bibliothecas
634 2766 756 2835 volitat.
783 2767 904 2834 Doctae
923 2767 1010 2834 enim
1031 2766 1155 2835 fabulae
1180 2791 1197 2835 a

82 2881 168 2969 vulgi
182 2879 294 2949 fabulis
310 2880 400 2949 nullo
417 2879 517 2949 modo
536 2880 696 2966 differunt,
718 2883 779 2949 nisi
798 2879 885 2972 quod
900 2883 1063 2949 minorem
1081 2881 1199 2951 habent

121 3117 144 3154 1.
164 3100 301 3172 Levesque
314 3100 347 3154 de
362 3101 399 3154 La
413 3101 565 3156 Ravalliere.
581 3101 626 3155 Les
635 3103 726 3172 poesies
737 3101 771 3154 du
784 3118 827 3172 roy
836 3101 865 3154 de
879 3101 1004 3168 Navarra,
1018 3102 1041 3168 1,
1057 3116 1118 3172 253.

119 3199 145 3239 2.
159 3184 283 3251 Fauchet‚
295 3185 412 3251 OEuvres‚
422 3185 499 3254 1610,
508 3184 531 3237 f0
544 3198 649 3255 573‚v0.
661 3205 675 3235 ι(
685 3184 860 3239 ColinMuset
869 3184 954 3238 futun
962 3183 1058 3254 josteur
1067 3186 1100 3239 de
1109 3186 1198 3253 violle,

84 3269 129 3339 qui
146 3267 219 3322 alloit
234 3285 279 3339 par
292 3268 330 3322 les
342 3285 419 3322 cours
438 3269 483 3322 des
497 3269 609 3340 princes,
626 3269 692 3322 ainsi
707 3285 758 3339 que
773 3267 798 3322 le
815 3267 915 3322 declare
934 3285 961 3321 sa
976 3269 1103 3338 premiere
1117 3270 1200 3324 chan-

83 3369 143 3407 son.
163 3352 213 3405 Par
230 3351 255 3405 la
271 3353 395 3418 seconde,
415 3351 435 3405 il
453 3352 543 3406 donne
564 3356 580 3405 a
608 3353 758 3424 cognoistre
779 3368 831 3422 que
852 3369 880 3405 sa
912 3351 998 3405 vieille
1021 3353 1128 3408 n’estoit
1153 3372 1199 3424 pas

85 3434 191 3506 pareille
205 3434 295 3490 acelle
310 3435 376 3489 dont
388 3438 482 3508 jouent
496 3448 717 3490 communement
732 3434 770 3490 les
784 3434 911 3506 aueugles
925 3435 960 3489 du
972 3437 1033 3507 jour
1046 3436 1130 3490 d’hui.
1148 3438 1201 3491 Car

85 3518 104 3572 il
119 3519 157 3573 dit
174 3536 180 3572 :

455 3589 538 3661 J'alay
550 3607 564 3643 a
577 3590 595 3643 li
610 3589 634 3644 el
645 3587 743 3661 praelet

459 3673 485 3727 Ο
500 3685 541 3727 tot
555 3673 667 3728 lavielle
681 3685 707 3727 et
721 3673 838 3726 l’archet.

120 3768 158 3825 La
171 3768 255 3842 figure
269 3768 333 3823 d’un
346 3769 469 3841 jougleor
484 3783 575 3825 tenant
590 3782 658 3824 ceste
672 3769 758 3824 forme
775 3771 807 3824 de
822 3768 899 3824 vielle
914 3785 948 3822 ou
964 3768 1043 3823 violle
1056 3787 1084 3824 se
1099 3770 1154 3825 voit
1169 3787 1202 3826 etr

86 3855 163 3908 bosse
174 3871 208 3906 au
220 3855 278 3907 cote
292 3853 382 3907 dextre
398 3852 433 3908 du
449 3855 544 3924 portail
557 3853 590 3907 de
605 3852 705 3925 l’eglise
723 3855 756 3907 de
768 3854 843 3907 Saint
860 3852 947 3924 Julien
962 3852 1008 3906 des
1022 3854 1200 3921 Menestriers,

86 3938 150 3991 assis
163 3940 178 3990 a
191 3937 274 4003 Paris,
289 3951 324 3990 en
337 3936 362 3989 la
377 3953 424 3990 rue
441 3937 635 4002 Saint·Martin‚
651 3940 830 4008 representant
846 3953 882 3991 un
897 3937 1057 3991 instrument
1076 3954 1201 3994 commu·

87 4022 196 4076 trement
208 4020 298 4094 appele
313 4037 349 4074 un
362 4021 434 4075 rebec.
450 4041 464 4071 »
