2782 4980
665 429 709 440 ...
732 394 774 478 76
798 428 842 442 .-

347 531 380 597 Si
399 550 522 619 agrant
538 532 599 616 joie
618 568 655 580 -
673 530 702 599 el
721 535 843 622 vergier
861 556 904 600 ou
920 531 1058 615 donoie;

192 655 328 738 Scilicet,
349 676 386 724 ut
402 682 497 747 supra
512 657 665 739 vidimus,
687 661 773 748 prior
804 683 915 730 versus
933 659 1083 728 insolenti
1111 658 1250 726 elisione
1275 658 1310 725 in

192 769 441 861 subsequentem
454 795 583 841 versum
599 773 747 841 transilit.

236 888 335 976 Atqui
362 885 498 955 difficilis
520 906 553 955 et
581 888 769 977 scrupulosa
799 888 1041 977 quaestiuncula
1070 888 1156 957 subit
1181 889 1313 956 tertiam

193 999 358 1090 stropham
380 999 605 1084 consideranti,
632 1000 687 1070 ubi
705 1025 814 1070 versus
846 1020 952 1071 sextus
977 1002 1123 1071 decimus
1151 999 1201 1090 (.
1238 1002 1312 1088 54),

193 1138 377 1204 quanquam
395 1139 413 1182 a
431 1115 533 1184 vocali
548 1117 716 1205 incipiens,
737 1140 804 1184 non
825 1141 891 1200 sex,
915 1115 970 1184 sed
990 1118 1134 1207 quinque
1160 1136 1314 1185 numerat

193 1228 355 1319 syllabas:

369 1345 406 1430 Je
419 1343 493 1411 n'en
512 1343 682 1432 prendroie
700 1383 743 1394 -
761 1347 862 1413 Avoir
876 1369 918 1412 ne
937 1346 1080 1413 monoie.

239 1471 317 1539 Non
327 1469 422 1538 video
435 1472 603 1561 quomodo
614 1471 708 1560 hujus
720 1473 764 1539 rei
775 1473 934 1541 rationem
945 1495 1067 1555 eruam,
1079 1472 1141 1538 nisi
1153 1472 1316 1560 acceperis

195 1583 257 1653 hoc
271 1584 408 1654 elidendi
422 1610 522 1676 genus
540 1606 652 1676 poetae
667 1586 791 1656 licitum
808 1587 952 1677 quidem,
970 1610 1037 1654 non
1057 1605 1166 1655 autern
1185 1587 1315 1674 injunc-

195 1717 266 1767 tum
275 1699 382 1783 fuisse,
395 1703 551 1789 permisso
565 1720 601 1769 ut
615 1720 725 1769 cantor
741 1701 889 1769 ultimam
904 1703 1017 1790 prioris
1028 1724 1139 1770 versus
1154 1698 1314 1789 syllabam

196 1813 236 1883 ad
254 1813 379 1883 libitum
394 1817 574 1883 enuntiaret
591 1815 642 1883 vel
660 1818 885 1904 supprimeret.

238 1940 296 2008 IV.
314 1941 453 2010 Carmen
467 1942 497 2008 Π
513 1941 640 2010 Nicolai
655 1940 753 2031 (Molt
771 1942 903 2011 m’anuie
915 1942 1010 2010 d'ivcr
1026 1965 1081 2032 quc
1099 1953 1165 2008 tant
1182 1961 1201 2007 a
1220 1938 1316 2028 duri)

197 2053 465 2143 hendecasyllabis
479 2075 615 2140 constat,
630 2056 718 2146 quod
734 2057 901 2125 insolitum
919 2079 1070 2124 versuum
1084 2078 1186 2144 genus
1203 2053 1315 2143 gallici

197 2188 309 2258 poetae
323 2192 465 2258 perraro,
481 2187 552 2238 tum
564 2172 697 2259 priores,
719 2190 791 2238 tum
810 2173 1016 2252 recentiores,
1033 2169 1218 2238 adhibuere.

242 2282 387 2352 Pleiados
408 2283 539 2373 quidem
566 2305 691 2352 nostrae
721 2303 830 2374 poetas
853 2287 1024 2353 incesserat
1051 2282 1170 2371 cupido
1190 2280 1316 2349 hende-

197 2397 371 2487 casyllabos
382 2400 416 2465 in
434 2398 702 2468 consuetudinem
716 2419 860 2467 nostram
876 2398 1050 2467 inducendi
1071 2424 1078 2466 :
1099 2423 1115 2460 «
1132 2400 1187 2464 Eia
1202 2419 1273 2484 age,
1294 2421 1312 2457 »

196 2512 401 2600 sicJoachim
424 2512 560 2581 Bellaius
581 2532 751 2582 venturum
776 2534 904 2603 poetam
926 2513 1113 2603 alloquitur,
1132 2537 1148 2574 u
1170 2513 1204 2578 in
1223 2509 1317 2600 galli-

195 2651 264 2695 cam
285 2626 437 2695 familiam
456 2626 572 2718 adopta
596 2628 790 2717 profluentes
812 2627 884 2696 illos
906 2647 1124 2716 venustosque
1150 2622 1318 2692 hendeca-

198 2741 349 2832 syllabos,
371 2741 538 2810 Catullum
559 2743 611 2810 vel
634 2745 817 2810 Pontanum
841 2742 892 2810 vel
909 2740 1096 2827 Johannem
1125 2737 1316 2807 Secundum

199 2855 295 2925 duces
308 2875 447 2938 secutus,
464 2859 508 2924 ita
527 2875 634 2924 tamen
653 2855 750 2925 duces
769 2878 816 2939 ut,
836 2858 933 2924 etiam
952 2858 978 2922 si
1000 2853 1184 2944 prosodiam
1203 2852 1316 2941 negle-

198 2973 294 3054 xeris,
316 2994 489 3039 numerum
508 2971 621 3040 saltem
640 2970 834 3059 syllabarum
857 2969 1005 3038 referas¹.
1035 2993 1050 3031 n
1074 2968 1145 3037 Nec
1169 2965 1316 3035 defecere

200 3084 284 3175 apud
297 3084 375 3154 Baifi
395 3085 538 3155 aemulos
556 3087 623 3175 qui,
647 3084 724 3152 haec
748 3085 898 3152 mandata
921 3084 1069 3151 adstricte
1095 3081 1246 3163 exsecuti,
1275 3080 1316 3149 ad

200 3202 414 3269 imitationem
427 3224 537 3269 versus
554 3200 696 3290 sapphici
716 3201 850 3267 minoris
864 3194 1146 3285 hendecasyllabos
1161 3194 1315 3263 informa-

201 3335 286 3400 rent,
307 3339 342 3383 ea
362 3315 479 3383 scilicet
490 3313 572 3404 lege,
589 3332 624 3383 ut
639 3334 750 3382 nostro
765 3336 892 3402 quoque
907 3311 1021 3399 gallico
1040 3333 1203 3392 sermone,
1221 3306 1315 3398 dipo·
1365 3329 1368 3333 ’

203 3429 255 3498 dia
282 3430 439 3498 trochaica
460 3447 641 3497 constarent
672 3445 703 3495 et
734 3425 847 3495 ordine
876 3424 1067 3512 logaoedico
1101 3425 1153 3491 Sic
1172 3424 1319 3510 Rapinus

205 3544 302 3613 hosce
312 3567 433 3626 versus,
454 3541 602 3632 strophae
616 3540 785 3631 sapphicae
798 3541 908 3622 instar,
930 3539 1111 3626 composuit
1128 3561 1135 3603 :

336 3671 426 3738 Vous
446 3675 502 3758 qui
516 3668 562 3736 les
573 3670 737 3735 ruisseaux
751 3704 794 3715 -
808 3664 978 3732 d’Heltcon
992 3663 1174 3752 frequentez

336 3785 427 3851 Vnus
441 3790 494 3873 qui
510 3782 555 3850 les
570 3780 688 3870 jardins
700 3818 744 3829 -
763 3779 919 3848 sblitaires
934 3777 1062 3859 hantez,

337 3885 377 3966 Et
395 3898 423 3965 le
439 3896 516 3964 fond
531 3897 585 3964 des
603 3894 674 3963 bois
685 3934 728 3943 —
740 3900 872 3962 curleux
885 3893 924 3960 de
941 3892 1059 3960 choisir

469 4010 618 4079 L'ombre
630 4017 662 4077 et
676 4009 704 4076 le
716 4009 845 4077 loisir...

246 4197 267 4234 1.
289 4179 408 4233 Discours
420 4178 448 4230 de
461 4178 485 4230 la
499 4177 608 4248 Daffencc
618 4181 641 4227 et
655 4175 750 4227 illustr.
764 4174 792 4226 de
804 4172 829 4226 la
840 4172 858 4227 1.
867 4172 966 4242 franc,
977 4170 1019 4224 ed.
1034 4169 1144 4232 Person,
1157 4184 1183 4238 p.
1204 4167 1264 4220 118.
