2782 4980
136 537 168 603 V
165 537 279 624 igneroi
295 533 367 624 (F),
390 534 582 622 Wagnonriu
599 531 664 622 (G)
672 557 687 614 ;
705 534 738 600 in
762 531 913 600 Tractatu
930 531 963 598 de
981 532 1104 599 diuersis
1122 533 1257 600 materiis

130 651 382 740 praedicabilibus
402 675 413 718 :
429 650 567 718 daminus
581 650 616 717 de
638 650 813 737 Vagaori13
842 646 949 715 alias:
974 648 1150 736 arrignani,
1176 646 1258 715 Vaa-

130 767 257 854 gnonri
280 766 426 854 Vagam,
450 767 650 853 Vagnorri23
670 765 769 831 alias:
796 764 1000 851 Waigeorua

182 882 242 948 His
256 881 351 949 variis
366 878 514 968 ejusdem
533 877 679 947 vocabuli
699 879 812 946 formis
830 876 916 946 idem
935 876 1027 946 locus
1046 876 1255 966 significatur,

135 994 259 1063 scilicet
286 996 466 1084 Wangionis
489 996 588 1076 riuus,
614 1018 712 1083 quem
737 1017 856 1082 pagum
880 994 1072 1061 recentiores
1099 993 1257 1080 Vigaory⁴

137 1108 239 1199 vulgo
253 1109 425 1199 appellant.
438 1110 472 1177 Si
488 1106 588 1176 modo
603 1106 690 1177 hunc
705 1106 854 1176 titulum:
876 1132 892 1170 <c
909 1130 989 1174 mon
1005 1105 1070 1174 bon
1083 1108 1223 1195 seignor,
1240 1131 1256 1168 n

138 1222 179 1291 ad
198 1224 334 1292 litteram
355 1224 462 1292 stricte
481 1224 710 1312 interpretaris,
731 1221 833 1312 liquet
849 1245 889 1289 ex
906 1222 970 1289 hoc
986 1245 1068 1312 pago
1082 1220 1258 1290 Nicolaum

139 1337 316 1409 oriundum
334 1362 415 1406 esse.
439 1338 526 1406 Cum
546 1357 653 1406 autem
674 1339 806 1426 Vigaory
824 1355 856 1405 et
869 1337 1013 1420 Jainaille
1029 1338 1175 1427 proxima
1194 1338 1258 1404 sint

141 1453 304 1543 oppidula,
326 1471 456 1543 poetam
474 1472 622 1521 nostrum
643 1469 882 1541 venustumque
901 1451 1053 1519 historiae
1069 1453 1258 1540 scriptorem

142 1558 325 1654 Johannem
342 1567 382 1636 de
399 1566 548 1654 Joinville
569 1566 655 1634 idem
672 1569 780 1657 genuit
801 1586 902 1635 terrae
919 1566 1065 1656 angulus.
1087 1568 1157 1634 Imo
1178 1565 1260 1633 nihil

144 1683 251 1751 obstat
265 1681 318 1772 (ut
331 1682 410 1751 inira
428 1680 608 1772 apparebit)
627 1683 704 1770 quin
717 1680 845 1749 Nicolai
860 1701 1015 1770 patronus
1033 1699 1065 1749 et
1080 1681 1261 1750 Gualterius

143 1799 179 1866 de
200 1801 230 1867 V
228 1799 328 1887 ignari
340 1821 423 1866 unus
440 1816 471 1865 et
494 1795 581 1865 idem
598 1799 672 1877 sint,
694 1797 749 1884 qui
764 1818 849 1863 anno
872 1797 968 1865 MCC
989 1799 1022 1863 in
1038 1794 1261 1884 hierosolymi-

145 1932 255 1981 tanam
278 1933 396 1981 terram
420 1910 646 1980 vindicandam
674 1912 860 1978 tirocinium
889 1913 993 1998 posuit
1021 1931 1053 1980 et
1076 1911 1114 1979 ad
1140 1935 1261 1980 annum

145 2027 339 2095 MCCXXX
355 2044 386 2093 et
404 2024 537 2094 fortasse
556 2025 685 2114 longius
704 2027 803 2094 vitam
821 2022 979 2113 perduxit.

193 2154 229 2207 2⁰
251 2141 347 2209 Nunc
361 2159 470 2209 autem
487 2139 574 2208 hunc
588 2159 701 2229 poetae
716 2140 818 2207 nostri
829 2139 937 2208 locum
955 2139 1169 2209 animadverte
1186 2166 1193 2208 :

437 2284 518 2350 Mon
531 2280 656 2349 descort
670 2304 723 2347 ma
739 2279 833 2348 dame
849 2300 953 2372 aport,

439 2397 484 2463 La
503 2395 587 2464 bone
602 2394 767 2478 duchesse,
786 2418 843 2485 por
861 2395 1032 2465 chanter...

439 2508 556 2587 Qu'ele
572 2512 655 2579 aime
669 2509 793 2600 deport,
812 2513 872 2595 rire
888 2530 920 2580 et
933 2515 1013 2602 joer.

440 2625 557 2706 Darne,
575 2647 613 2692 or
632 2647 688 2692 vos
704 2623 790 2692 vueil
805 2622 877 2691 bien
897 2644 1060 2693 monstrer

441 2739 515 2816 Que
530 2740 558 2826 je
571 2760 612 2804 ne
629 2740 675 2805 sai
689 2756 793 2807 vostre
806 2762 863 2828 per

439 2852 488 2920 De
505 2850 591 2919 bone
604 2854 655 2921 vie
672 2874 785 2920 menet

443 2965 482 3032 Et
498 2964 537 3033 de
556 2964 721 3034 loialment
735 2989 824 3033 amer
842 2991 849 3033 :

442 3078 528 3146 Ades
542 3103 600 3148 vos
618 3083 672 3149 voi
688 3079 844 3149 amender

445 3193 494 3261 En
509 3193 663 3262 vaillance
679 3213 710 3264 et
722 3217 762 3262 en
777 3193 880 3263 doner
889 3220 899 3278 ;

447 3307 511 3375 Nel
524 3306 647 3376 laissies
668 3311 700 3397 ja
717 3331 775 3398 por
793 3308 915 3397 jangler

449 3425 526 3502 Que
543 3447 578 3491 ce
593 3448 634 3492 ne
655 3447 713 3492 vos
728 3444 804 3514 puet
820 3448 959 3515 grever..

203 3603 228 3643 1.
254 3587 298 3642 Cf.
315 3589 420 3642 Etieane
432 3589 461 3642 de
474 3591 596 3658 Boarbon,
611 3592 653 3645 ed.
667 3591 756 3662 Lecoy
770 3591 803 3645 de
817 3590 842 3645 la
856 3591 973 3656 Marche,
992 3591 1068 3661 1877,
1084 3610 1110 3663 p.
1127 3594 1168 3659 58.

201 3685 227 3724 2.
253 3669 297 3725 Cf.
317 3672 432 3726 Histoire
448 3673 488 3727 des
506 3681 593 3728 comtes
611 3674 639 3727 de
655 3673 823 3746 Champagne,
844 3674 968 3728 d’Arbois
983 3674 1016 3729 de
1025 3676 1198 3746 Jubainville,
1211 3680 1286 3733 livre

164 3754 207 3808 des
218 3771 327 3808 vassaax
339 3756 373 3809 da
382 3763 456 3810 comte
468 3757 496 3810 de
510 3757 667 3830 champagne
674 3750 738 3812 eide
746 3759 804 3812 Brie
812 3758 858 3828 (ab
867 3759 902 3812 A.
913 3759 1047 3830 Longnon
1059 3759 1184 3831 editum),
1194 3775 1213 3816 t.
1225 3762 1286 3830 Vll,

168 3838 252 3911 1869,
266 3857 295 3894 n.
314 3841 391 3909 1845,
411 3854 488 3913 1924,
509 3854 573 3914 1925
603 3855 680 3914 1945.

207 3936 232 3991 3.
254 3922 297 3977 Cf.
311 3923 393 3977 Feoda
406 3924 568 3996 Campaniae,
585 3943 600 3979 a
616 3926 748 3997 Longnon
758 3926 837 3992 edita,
853 3934 890 3996 op.
905 3927 986 3992 laad„
1000 3939 1019 3980 t.
1036 3927 1096 3994 VII,
1111 3946 1137 3999 p.
1151 3928 1177 3984 6.

207 4020 234 4073 4.
255 4007 346 4061 Medio
361 4023 426 4061 aevo
435 4009 552 4078 seudiam
566 4001 719 4063 casteilaiiae
732 4009 872 4074 Barreasin
887 4009 968 4064 hodie
987 4023 1076 4064 autem
1093 4030 1099 4064 :
1116 4012 1243 4071 chef-lieu
1258 4014 1292 4069 de

173 4102 273 4146 canton
287 4091 320 4146 de
333 4090 578 4148 l'arrondissement
589 4093 623 4147 de
637 4092 792 4148 chaumont
806 4093 1039 4166 (Haute-Mame)
1215 4168 1228 4205 2
