2782 4980
105 535 291 605 castellanus
323 533 552 618 Atrebatensis,
588 559 772 625 quanquam
800 538 859 605 toti
896 560 935 604 ex
972 535 1234 606 Prouincialibus

106 647 259 740 pendent,
291 650 424 718 fortasse
451 672 490 718 ne
520 652 721 739 suspicantur
744 652 875 741 quidem
899 650 1015 740 lyricos
1046 671 1162 740 poetas
1197 654 1233 720 in

107 766 274 834 Provincia
302 787 444 854 unquam
471 765 640 833 exstitisse.
667 767 713 833 Ex
739 767 908 856 Aquitanis
942 783 1089 850 manant,
1125 767 1234 856 Aqui·

107 899 197 948 tanos
227 878 383 963 furantur,
418 902 476 947 nec
505 878 601 948 ullius
624 903 766 969 unquam
800 882 991 968 Aquitaniae
1024 900 1140 970 poetae
1156 904 1234 949 ver·

107 1017 172 1075 sus,
198 995 265 1063 imo
283 1017 403 1062 nomen
421 993 566 1083 plerique
585 992 745 1063 audivere.
762 995 918 1084 Discipuli
937 1013 1022 1079 sunt,
1044 993 1100 1064 sed
1125 997 1233 1064 nescii

108 1132 242 1178 suorum
296 1111 522 1198 magistrorum
569 1108 729 1199 discipuli.
780 1112 814 1179 Si
853 1112 1049 1180 Francorum
1093 1110 1233 1200 lyricam

114 1226 236 1312 poesim
256 1224 385 1291 minimi
406 1222 494 1305 facis,
516 1244 627 1313 utpote
653 1225 877 1308 adventiciam,
908 1242 941 1293 et
962 1227 1037 1315 quia
1062 1224 1101 1293 ab
1121 1226 1235 1314 Aqui-

111 1339 196 1407 tania
221 1339 363 1428 primum
393 1335 536 1421 defluxit,
575 1340 642 1427 pari
681 1342 804 1408 ratione
838 1339 877 1409 de
911 1341 1047 1408 Arturio
1084 1357 1116 1407 et
1152 1340 1235 1408 Gal·

111 1454 199 1522 wino
217 1471 366 1542 poemata
379 1456 623 1542 praetermittes,
637 1477 717 1545 quae
737 1479 754 1522 a
774 1456 936 1522 Britannia
947 1455 1106 1544 originem
1130 1453 1235 1524 duxe-

111 1585 185 1636 runt
190 1594 200 1652 3
222 1568 300 1655 quin
314 1570 423 1651 etiam,
438 1569 527 1658 epica
542 1586 650 1638 nostra
662 1568 701 1637 de
715 1570 833 1658 Troiae
846 1568 970 1637 excidio
979 1569 1028 1638 vel
1037 1568 1076 1636 de
1089 1568 1235 1637 Alexan·

110 1680 169 1750 dro
187 1683 305 1771 Magno
324 1702 472 1771 poemata
490 1682 648 1772 negliges,
665 1708 746 1774 quae
765 1709 804 1752 ex
819 1684 919 1751 aliena
939 1686 1082 1772 regione,
1103 1683 1232 1752 scilicet

113 1820 152 1864 ex
171 1798 334 1884 Byzantio,
352 1798 475 1865 invecta
489 1816 576 1866 sunt.
596 1798 707 1876 Quem
728 1820 832 1868 autem
848 1800 915 1889 pari
935 1796 1034 1866 modo
1049 1815 1235 1867 nostratum

114 1929 280 2000 poetarum
317 1909 454 1980 fundum
486 1935 552 1981 non
590 1911 729 2001 diripies,
770 1937 837 1981 non
879 1911 1091 2001 exspoliabis?
1133 1912 1234 1991 Quae

115 2027 232 2094 intacta
252 2043 284 2093 et
303 2024 473 2095 incolumis
497 2026 610 2095 evadet
627 2029 755 2117 propria
777 2026 876 2094 medii
900 2028 968 2094 aevi
996 2049 1129 2115 poeseos
1153 2050 1237 2117 pro-

114 2142 241 2211 vincia?
258 2142 311 2208 An
330 2140 432 2210 ullum
458 2160 557 2209 exstat
581 2140 725 2210 Pleiados
744 2160 871 2211 nostrae
890 2141 1043 2231 placitum
1069 2139 1158 2230 quod
1180 2142 1236 2210 vel

115 2255 198 2345 apud
215 2254 403 2338 Pindarum,
424 2254 475 2324 vel
490 2254 574 2345 apud
593 2257 775 2340 Horatium,
795 2255 846 2324 vel
866 2255 949 2346 apud
963 2259 1142 2324 Petrarcam
1163 2279 1234 2324 non

116 2372 272 2460 reperias?
290 2370 452 2438 Idcircone
468 2369 626 2439 Ronsardi
640 2372 781 2438 carmina
798 2390 908 2460 utpote
926 2396 964 2438 ex
979 2371 1099 2460 graecis
1119 2393 1235 2438 roma·

118 2487 231 2576 nisque
259 2484 347 2554 libris
374 2483 509 2574 expilata
531 2485 642 2553 leviter
666 2487 811 2553 curabis?
836 2523 880 2534 -
902 2487 1014 2553 Fateor
1040 2482 1192 2575 equidem
1222 2509 1231 2553 ε

118 2603 178 2669 nisi
192 2601 376 2669 floruissent
394 2601 427 2666 in
437 2600 603 2666 Provincia
618 2617 743 2688 poetae,
764 2624 824 2668 nec
838 2599 957 2687 gallici,
979 2623 1038 2667 nec
1057 2599 1233 2688 germanici

118 2714 228 2784 medio
247 2737 326 2782 aevo
348 2713 440 2802 lyrici
454 2715 553 2781 vitam
577 2716 728 2803 auspicati
750 2713 898 2783 fuissent.
923 2717 977 2796 At,
1004 2715 1072 2804 pari
1094 2715 1232 2796 ratione,

119 2830 167 2899 fac
176 2832 356 2897 Petrarcam
368 2852 435 2898 non
445 2829 600 2896 exstitisse
614 2848 621 2891 :
635 2828 887 2897 necloachimus
898 2828 1034 2896 Bellaius
1047 2828 1232 2914 exstitisset,

118 2968 177 3013 nec
198 2943 397 3013 Ronsardus.
418 2945 614 3034 Quanquam
631 2942 839 3012 Theobaldus
859 2944 1055 3033 Campaniae
1075 2965 1185 3010 comes
1202 2968 1235 3013 et

119 3058 301 3127 Gualterius
317 3081 374 3126 von
390 3058 440 3126 dar
457 3059 632 3147 Vogelweida
643 3061 678 3126 in
696 3058 792 3126 verba
805 3057 957 3125 Bernardi
972 3059 1006 3125 dt
1017 3057 1187 3125 Ventadour
1204 3079 1236 3128 et

119 3171 287 3242 Bertrandi
317 3173 349 3240 dc
376 3174 470 3256 Bora,
499 3193 536 3243 ut
560 3171 733 3263 discipulos
767 3171 868 3254 decet,
897 3175 1051 3262 juravere,
1085 3175 1235 3261 germani

119 3307 229 3357 tamen
259 3289 415 3369 hominis,
454 3312 521 3356 non
555 3286 759 3377 provincialis
792 3287 986 3371 Gualterius,
1020 3286 1137 3376 gallici,
1167 3309 1236 3355 non

121 3402 325 3491 provincialis
344 3401 487 3470 hominis
500 3402 625 3471 vultum
640 3401 734 3469 refert
748 3399 966 3469 Theobaldus.

164 3517 260 3605 Ergo,
281 3519 347 3607 jure
366 3535 399 3585 et
414 3517 556 3605 legitime
576 3517 648 3586 licet
660 3515 803 3585 themata
820 3538 902 3605 quae
915 3514 1000 3605 apud
1013 3515 1142 3604 gallicos
1158 3538 1238 3604 poe·

120 3650 167 3700 tas
186 3633 390 3722 reperiuntur
408 3655 612 3722 expromere,
635 3630 766 3721 perinde
792 3654 827 3698 ac
851 3632 878 3697 si
902 3654 941 3698 ex
964 3630 1084 3720 gallico
1109 3631 1238 3698 semine

118 3749 152 3815 in
194 3746 307 3836 gallica
335 3766 417 3815 terra
452 3748 696 3835 germinassent.
738 3747 831 3824 Quae
865 3744 1007 3814 themata
1038 3768 1106 3813 non
1139 3764 1232 3832 potes

120 3881 193 3930 ante
217 3864 327 3929 omnia
361 3885 426 3929 non
451 3863 608 3946 contueri,
645 3863 712 3930 sive
745 3859 919 3932 Nicolaum
945 3860 1121 3942 Musetum,
1163 3860 1233 3927 sive

121 3977 267 4065 quemvis
300 3976 399 4044 alium
426 3976 571 4065 ejusdem
603 3977 714 4045 aetatis
748 3993 879 4068 poetam
914 3971 1149 4045 aestimandum
1178 3972 1238 4044 tibi

123 4093 338 4181 proposueris.
