2782 4980
669 357 819 421 ..6-

182 495 266 564 illius
292 514 458 585 permanet
484 518 502 562 a
527 517 591 584 quo
615 494 757 584 primum
780 495 841 562 fuit
862 497 1085 584 excogitatum.
1116 496 1220 564 Melos
1252 519 1307 564 res

184 628 232 681 est
250 611 378 700 propria
387 611 545 679 inventori
557 607 723 699 adscripta,
739 611 901 698 privatum
918 611 1087 699 repertoris
1101 607 1305 692 dominium,

185 723 273 815 quod
296 723 409 807 furari,
438 726 505 791 imo
534 725 671 792 mutuari
699 723 800 792 nefas.
827 725 860 791 Si
886 726 956 814 quis
979 723 1062 794 forte
1089 722 1258 812 stropham
1286 747 1307 791 a

186 840 300 931 quovis
337 838 399 906 alio
436 857 530 928 poeta
565 837 738 906 formatam
767 840 974 929 usurpaverit,
1011 861 1139 907 necesse
1178 857 1225 907 est
1268 857 1309 908 ut

186 955 421 1023 mutuationem
440 975 586 1043 expresse
602 952 825 1042 profiteatur1.
848 953 939 1035 Quid
957 972 1029 1023 tum
1055 951 1150 1023 inde?
1176 952 1308 1024 Scilicet

187 1067 274 1137 haud
301 1091 373 1137 raro
405 1089 550 1137 erramus
583 1091 657 1136 cum
687 1067 754 1135 istis
782 1068 940 1157 poematis
964 1087 1031 1136 tam
1059 1065 1210 1136 seduliter
1239 1085 1309 1136 stu-

188 1183 300 1253 demus
326 1204 408 1273 quae
435 1183 495 1271 ipsi
522 1200 666 1252 auctores
702 1181 886 1272 pronihilo
912 1181 1043 1251 fortasse
1069 1180 1226 1250 duxerunt
1251 1181 1310 1250 vel

188 1297 282 1366 flocci
314 1319 381 1366 non
411 1296 568 1366 fecerunt.
605 1296 710 1366 Melos
744 1296 807 1366 illis
836 1298 967 1365 maximi
996 1295 1146 1387 ponderis
1176 1313 1243 1364 erat
1273 1314 1308 1365 et

190 1413 362 1495 momenti,
389 1434 499 1481 versus
518 1429 627 1481 autem
646 1412 786 1480 minimi.
810 1410 906 1481 Haud
932 1410 1021 1480 aliter
1039 1412 1155 1480 nostris
1178 1429 1308 1499 tempo·

191 1528 277 1597 ribus
291 1529 411 1613 evenit,
422 1551 496 1598 curn
512 1528 773 1618 praestantissimi
786 1529 901 1598 musici
915 1529 1128 1617 pessimorum
1145 1525 1305 1596 versifica-

192 1662 302 1713 torum
314 1644 442 1732 ineptiis
458 1643 592 1711 eximios
606 1641 721 1711 modos
735 1661 854 1733 aptant,
867 1662 898 1711 et
910 1641 1033 1712 stolidis
1042 1641 1184 1712 versibus
1194 1640 1307 1711 nobile

190 1758 294 1826 melos
313 1758 476 1827 maculant
494 1776 525 1826 et
544 1759 634 1847 quasi
648 1756 809 1847 polluunt.

234 1875 398 1957 Attamen,
417 1895 482 1963 quo
497 1872 729 1962 frequentiores
744 1872 920 1962 lyricorum
941 1871 1098 1940 editiones
1117 1872 1198 1960 typis
1217 1894 1311 1940 man·

191 1987 366 2072 dabuntur,
386 2011 425 2058 eo
438 1986 573 2056 lucidius
592 1986 812 2070 illustrabitur,
826 1985 1038 2076 singularibus
1057 1985 1260 2055 lineamentis
1278 2007 1313 2056 et

193 2102 353 2173 coloribus
377 2101 537 2184 distincta,
566 2101 775 2191 peculiaribus
801 2103 899 2191 siguis
924 2099 1152 2183 discriminata,
1185 2102 1311 2190 aliquot

194 2237 361 2308 poetarum
382 2217 488 2286 facies.
510 2219 623 2285 Animi
644 2219 692 2285 sui
712 2234 832 2285 secreta
858 2240 948 2285 avare
970 2216 1174 2284 retexerunt?
1193 2217 1314 2283 Fateor

194 2332 356 2422 equidem.
374 2333 479 2400 Pauca
500 2331 539 2399 de
561 2356 594 2400 se
614 2332 783 2400 dixerunt?
799 2330 956 2401 Nonnihil
971 2349 1079 2398 tamen
1097 2329 1161 2397 fere
1177 2352 1311 2415 omnes,

195 2465 225 2515 et
244 2446 374 2536 quidam
390 2447 501 2515 multa.

234 2643 257 2681 1.
277 2627 331 2693 Sic,
346 2640 375 2680 ut
389 2627 491 2681 notavit
511 2625 545 2679 G.
563 2626 644 2692 Paris,
660 2626 765 2679 cuidam
776 2625 868 2696 Jacobi
880 2625 1080 2680 Cameracensis
1090 2623 1200 2678 carmini
1213 2625 1314 2695 (Mere,

194 2711 280 2766 douce
294 2711 460 2780 creature...)
474 2710 502 2763 in
517 2709 639 2764 bernensi
651 2709 741 2763 codice
752 2710 909 2781 inscriptum
924 2722 962 2764 est
977 2727 983 2763 :
1004 2729 1017 2760 u
1029 2727 1060 2763 ou
1071 2710 1143 2764 chaat
1156 2709 1184 2761 dr
1200 2709 1226 2761 la
1246 2708 1317 2779 glaie

195 2801 303 2849 me‘urru
328 2813 335 2860 ;
358 2793 465 2859 scilicet,
481 2805 511 2847 ut
524 2793 554 2848 P.
571 2793 664 2866 Meyer
684 2793 879 2860 animadvertit,
899 2794 1013 2866 Jacobus
1037 2793 1237 2848 Cameracensis
1261 2793 1318 2848 hoc

196 2876 330 2949 Radulphi
352 2877 531 2931 Sessionensis
549 2893 656 2948 poema,
670 2876 742 2948 quod
761 2877 794 2930 ad
811 2878 970 2949 rhythmum
989 2877 1092 2943 attinet,
1111 2878 1228 2930 imitatus
1248 2890 1314 2932 est:

199 2981 213 3011 u
232 2961 320 3029 Quart
331 2960 408 3013 uuila
415 2961 482 3031 giale
494 2966 583 3014 otiare.
605 2980 620 3011 »
633 2960 804 3015 -Alterum
824 2962 977 3033 exemplum
1001 2961 1091 3016 retulit
1114 2961 1148 3015 G.
1169 2962 1243 3015 Paris
1264 2961 1315 3030 (cf.

197 3044 326 3108 Romania,
338 3059 422 3114 v11,p.
438 3043 495 3116 97),
507 3043 549 3096 cui
563 3041 637 3115 plura
651 3044 745 3099 addere
754 3043 822 3100 licet.
840 3047 910 3100 Nam
921 3045 1059 3100 bernensis
1073 3045 1159 3098 scriba
1168 3044 1231 3098 huic
1245 3044 1317 3116 ejus-

197 3127 259 3181 dem
272 3126 363 3196 Jacobi
378 3126 575 3182 Cameracensis
589 3128 699 3181 carmini
716 3129 807 3182 :Kant
821 3133 844 3194 ja
860 3129 917 3202 plus
936 3138 996 3201 pens
1016 3145 1032 3182 a
1054 3129 1184 3183 comanciar
1196 3128 1315 3196 charron,

197 3212 275 3266 istam
286 3211 450 3282 praescripsit
465 3211 712 3266 annotatiunculam
729 3231 735 3266 ι
749 3231 781 3266 ora
793 3213 866 3268 chaat
880 3221 908 3266 tu
921 3214 957 3266 mi
978 3213 1051 3278 desit,
1067 3213 1128 3284 quia
1142 3212 1316 3283 stropharum

197 3293 372 3348 conformatio
386 3294 510 3364 (ababbca)
525 3295 641 3351 formam
654 3297 776 3350 carminis
791 3296 949 3363 Theobaldi,
963 3297 1095 3352 Navarrae
1109 3296 1178 3368 regis
1194 3313 1200 3348 :
1217 3315 1231 3346 u
1254 3295 1318 3351 Tuit

197 3380 234 3431 mi
244 3377 308 3432 dasir
320 3385 343 3431 et
357 3380 408 3432 tait
419 3381 455 3432 mi
464 3380 536 3450 grief
546 3386 649 3434 innunt
663 3381 732 3450 (non
748 3381 807 3434 sine
828 3380 1017 3434 immutatione
1035 3381 1150 3452 quadam
1169 3398 1175 3432 :
1193 3380 1316 3451 ababbaa)

198 3460 314 3534 replicat.
339 3463 408 3528 Imo,
431 3463 496 3517 haec
516 3463 606 3533 Jacobi
629 3464 827 3519 Cameracensis
847 3465 936 3518 cantio
953 3482 959 3517 :
978 3485 992 3515 «
1014 3465 1085 3517 Laeir
1106 3463 1215 3518 m’estuel
1235 3464 1265 3517 de
1292 3465 1318 3520 la

199 3548 267 3624 ruina
280 3547 374 3612 Maria,
394 3565 408 3596 u
432 3549 578 3618 composita
600 3547 651 3602 fuit
667 3568 680 3599 u
700 3567 731 3602 oa
749 3549 820 3604 chaat
838 3549 866 3602 da
882 3549 940 3602 bone
959 3554 1086 3601 amorerat
1105 3548 1180 3601 biara
1200 3550 1280 3615 amia3
1300 3570 1315 3600 »

199 3630 295 3701 quippe
308 3646 375 3701 quae
389 3647 405 3684 a
418 3631 481 3686 Gara
493 3632 571 3685 Brald
580 3633 728 3704 composito
741 3633 851 3687 carmini
865 3650 871 3686 :
892 3652 906 3682 ι(
921 3632 961 3685 De
978 3632 1035 3685 bona
1053 3648 1140 3685 anaorrr
1157 3639 1178 3685 rt
1192 3632 1220 3685 da
1238 3633 1319 3687 loiaul

198 3715 281 3767 amir»
291 3714 345 3784 pari
359 3713 519 3786 syllabarum
532 3717 740 3789 uniuscujusque
750 3734 842 3772 versus
853 3733 977 3782 numero,
986 3716 1090 3786 paribus
1102 3732 1225 3770 versuum
1238 3718 1319 3772 exiti-

198 3798 248 3851 bus
261 3798 305 3867 (ie,
320 3814 385 3865 anca,
398 3800 446 3869 ire)
461 3812 486 3855 er
496 3801 552 3870 pari
566 3801 736 3872 stropharum
750 3800 961 3856 conforrnatione
974 3801 1110 3870 (abucah)
1120 3798 1258 3854 simillima
1269 3801 1315 3858 sit.

197 3881 298 3935 -Hoc
310 3894 401 3936 autem
409 3883 588 3939 animadverte
598 3903 603 3939 :
615 3885 932 3956 JacobusCameracensis
945 3885 1111 3956 propositum
1123 3883 1216 3937 habuit
1230 3885 1319 3939 devota

197 3975 223 4018 et
236 3981 307 4019 saara
323 3979 445 4036 poemata
459 3985 539 4040 quam
551 3968 677 4024 facillime
689 3969 850 4034 diffundere3
864 3986 914 4023 nec
926 3969 1025 4022 mirum
1041 3969 1073 4034 si,
1093 3965 1218 4038 profanae
1230 3967 1318 4028 laudis

199 4064 291 4118 parum
306 4051 433 4119 curiosus,
445 4051 566 4126 vulgatos
577 4052 807 4109 celeberrimorum
822 4064 959 4126 poetarum
974 4052 1067 4106 modos
1080 4052 1223 4127 usurpavit.
