2782 4980
163 521 255 589 Brevi
273 539 379 589 autem
397 539 554 610 tempore,
569 521 698 609 incepto
717 522 806 589 irrito
823 521 868 589 ita
885 519 1033 589 destitere
1052 541 1164 611 poetae
1184 541 1231 606 ut,

117 633 252 718 Tobler,
279 637 327 704 vir
351 635 615 717 humanissimus,
645 636 699 703 vix
726 634 901 702 nonnullos
928 635 1012 725 apud
1043 638 1234 705 recentiores

118 747 584 837 collegerithendecasyllabos,
600 747 715 838 quibus
733 771 862 838 quoque
879 768 951 838 post
974 751 1121 840 quintam
1138 748 1235 838 sylla·

119 861 192 931 bam
209 865 248 931 sit
267 886 406 932 caesura.

164 979 319 1045 Attamen
334 976 386 1045 vel
410 978 443 1045 in
463 995 611 1046 veterum
633 976 809 1067 lyricorum
833 975 1029 1046 carminibus
1049 976 1098 1046 vel
1117 978 1152 1045 in
1170 977 1237 1067 ple-

120 1089 197 1160 beiis
215 1091 439 1174 cantiunculis,
461 1089 548 1160 haud
568 1093 726 1159 rarissime
747 1090 1028 1183 hendecasyllabos
1053 1089 1235 1181 deprehen·

120 1205 194 1289 des;
212 1204 383 1294 dequibus
402 1207 476 1274 satis
492 1205 672 1294 improvide
689 1224 813 1295 praeter
831 1204 1097 1274 consuetudinem
1113 1205 1236 1275 Tobler

121 1321 273 1410 scripsit:
295 1322 464 1389 «Veteres
484 1319 576 1409 lyrici
603 1317 885 1408 hendecasyllabos
909 1321 977 1388 sine
999 1342 1129 1388 caesura
1143 1319 1236 1388 adhi-
1305 1405 1309 1411 ¹

121 1431 228 1501 buisse
241 1433 432 1502 videntur...
452 1433 627 1517 interdum,
638 1457 706 1502 non
721 1453 829 1502 autem
836 1457 974 1523 semper,
987 1456 1150 1503 caesuram
1163 1454 1237 1524 post

121 1551 294 1637 septimam
325 1547 480 1637 syllabam
506 1546 744 1637 deprehendere
768 1547 875 1617 licet1.
902 1574 919 1610 ›>
945 1586 989 1598 -
1016 1551 1132 1637 Atqui,
1154 1572 1237 1617 num

122 1670 280 1753 unquam,
300 1687 432 1753 quaeso,
457 1662 604 1732 tulissent
623 1662 717 1744 Galli,
741 1661 922 1731 minoribus
940 1665 1082 1732 numeris
1105 1664 1233 1746 assueti,

121 1801 233 1845 versus
252 1796 319 1845 tam
336 1777 433 1867 longa
454 1776 651 1867 syllabarum
670 1780 751 1845 serie
770 1777 936 1859 formatos,
953 1779 1021 1866 qui,
1040 1776 1127 1844 nulla
1140 1778 1236 1845 inter·

122 1894 226 1981 posita
239 1916 348 1982 pausa,
367 1916 406 1960 ex
419 1916 485 1961 uno
501 1891 612 1960 ordine
627 1891 792 1981 periodico
807 1892 1045 1960 constitissent?

167 2008 206 2074 Et
227 2029 346 2088 revera,
371 2030 439 2074 non
458 2009 502 2074 ita
521 2030 570 2074 res
589 2030 621 2074 se
643 2005 738 2074 habet
762 2032 769 2073 ε
791 2008 858 2075 sive
873 2004 1048 2095 exemplaa
1069 2004 1234 2088 Rartsch2,

121 2123 281 2212 Jeanroy³
301 2140 331 2189 et
343 2120 382 2188 ab
394 2124 464 2211 ipso
483 2120 605 2189 Tobler
620 2138 781 2210 congesta,
798 2123 865 2188 sive
881 2119 1005 2188 Nicolai
1022 2143 1131 2189 versus
1144 2143 1236 2188 reco-

120 2237 283 2324 gnoveriS,
299 2235 461 2327 apparebit
475 2234 757 2324 hendecasyllabos
773 2232 901 2303 duobus
921 2233 1133 2302 hemistichiis
1156 2259 1236 2303 con·

122 2369 216 2432 stare,
233 2374 331 2440 pausa
340 2353 423 2419 inter
434 2374 468 2418 se
483 2349 638 2432 discretis,
648 2369 679 2418 et
692 2350 872 2417 necessariis
884 2346 1010 2437 legibus
1025 2372 1142 2437 parere,
1155 2373 1235 2440 quas

121 2466 262 2554 Jeanroy
283 2466 430 2555 princeps
450 2467 563 2533 retexit
588 2489 596 2532 :

167 2592 282 2680 Regula
316 2594 345 2660 J.
377 2590 626 2683 Hendecosyllabi
654 2612 807 2659 caesuram
822 2604 889 2680 post
908 2592 1063 2681 septimam
1089 2591 1238 2681 syllabam

126 2705 242 2773 aalma.
264 2704 354 2795 (7l4)

124 2821 273 2910 Exempla
290 2844 297 2890 :
319 2822 353 2890 Si
367 2843 420 2888 me
435 2823 585 2888 convient
596 2843 658 2910 que
672 2822 701 2909 je
711 2821 780 2888 soie
798 2843 897 2887 -en
914 2837 980 2888 cest
995 2823 1060 2889 este

318 2934 393 3002 Plus
403 2935 532 3024 mignos
544 2952 575 3001 et
593 2935 751 3002 envoisies
769 2957 887 3024 -que
902 2933 965 3001 n'ai
982 2937 1059 3002 este.

802 3046 892 3136 (Nic.
914 3049 1001 3115 Mus.
1023 3075 1054 3116 v.
1073 3045 1172 3136 9-10)

170 3179 232 3246 Hic
251 3176 372 3267 aliquot
384 3199 493 3247 versus
506 3175 615 3259 habes,
633 3195 797 3265 excerptos
811 3198 827 3243 e
843 3177 983 3243 carmine
1001 3172 1157 3265 quodam,
1173 3175 1236 3241 XV

125 3292 254 3362 saeculo
270 3293 461 3381 composito,
480 3291 565 3382 quod
581 3292 790 3361 rusticitatem
806 3289 928 3358 redolet
946 3313 953 3360 :

258 3423 339 3489 Mon
358 3421 435 3503 ami,
452 3418 483 3486 la
495 3420 564 3488 nuit
578 3419 647 3487 s'en
664 3441 756 3487 va-
772 3437 804 3487 et
820 3417 850 3485 le
864 3421 937 3507 jour
951 3418 1038 3485 vient
1057 3433 1065 3481 τ

259 3536 407 3624 Deparrir
419 3534 458 3602 de
476 3557 534 3601 nos
554 3557 683 3601 amours
696 3571 740 3583 —
752 3532 775 3600 il
786 3556 869 3600 nous
891 3533 1061 3614 convient3
1080 3599 1082 3607 ,

256 3648 387 3715 baisons
404 3671 498 3730 nous,
520 3646 663 3714 acollons
678 3669 774 3728 nous,
789 3684 833 3694 -
852 3668 931 3712 mon
951 3645 1015 3710 ami
1034 3662 1121 3732 gent,

258 3761 396 3830 Comme
415 3761 485 3829 font
497 3763 579 3828 vrais
594 3783 780 3843 amoureux,
798 3797 842 3808 —
856 3776 1066 3827 secretement
1078 3768 1104 3818 ⁴.

165 3943 187 3979 1.
209 3924 317 3992 Tobler,
330 3927 482 3998 vomsranq.
500 3925 615 3992 Versbau,
629 3944 655 3997 p,
670 3941 715 3996 77,
729 3941 763 3979 ss.

163 4024 188 4062 2.
209 4008 328 4073 Bartsch,
343 4009 398 4065 Zts.
408 4011 434 4079 s.
449 4027 512 4064 rom.
528 4010 669 4080 Plrilologie,
683 4022 703 4064 t.
717 4009 764 4063 111.

166 4107 189 4161 3·
209 4093 476 4165 Jean10y‚0ny.,p.
493 4109 554 4164 343·

165 4190 191 4241 4.
213 4175 247 4230 G.
265 4177 347 4243 Paris,
360 4175 486 4231 Chansons
497 4177 531 4230 du
542 4176 603 4232 ΧΥ·
614 4193 646 4242 s.,
664 4189 696 4230 n0
710 4174 796 4228 XXX.

997 4454 1324 4672 D
