2782 4980
581 426 754 493 -63..

112 566 144 633 in
176 564 311 635 litteram
341 588 359 652 q
381 565 457 632 exit.
482 562 559 632 Inde
584 567 770 652 conjectura
791 564 938 654 augurari
961 561 1038 632 licet
1058 582 1221 653 utramque

113 702 225 748 vocem
245 678 328 768 apud
344 680 509 746 Musetum
527 680 642 768 pariter
657 680 815 762 sonuisse,
827 700 1015 769 quanquam
1032 679 1069 745 in
1087 680 1222 747 carmine

113 794 141 863 V
157 795 290 862 nomina
304 796 337 861 in
353 816 368 860 s
382 791 572 874 desinentia,
600 792 735 860 exclusis
755 793 879 876 ceteris,
900 793 1129 860 consociantur
1153 789 1223 880 (claa-

113 910 162 989 κίε,
179 910 236 991 vis,
257 910 407 997 entreprit,
419 904 578 996 paradis).

158 1021 235 1112 Vl.)
248 1024 284 1091 ln
299 1021 484 1090 nominibus
496 1021 709 1111 per-allumet
722 1021 954 1104 screantibus,
971 1019 1078 1090 littera
1094 1021 1109 1087 l
1122 1020 1226 1087 nonin

114 1136 257 1207 vocalem
273 1158 426 1204 conversa
445 1153 504 1217 est,
522 1153 557 1203 ut
575 1155 705 1224 apparet
718 1158 758 1204 ex
775 1134 880 1204 verbis
896 1134 1035 1218 broutels,
1054 1134 1155 1217 oiscls,
1175 1133 1225 1214 bal,

115 1274 196 1343 quae
214 1253 246 1319 in
260 1273 413 1319 versuum
427 1247 575 1318 clausulis
589 1272 663 1318 cum
680 1249 784 1318 verbis
804 1268 841 1317 ut
853 1249 922 1317 catal
936 1268 1066 1319 coeunt.

162 1364 253 1455 VII.)
276 1364 478 1455 Syllabarum
498 1386 672 1432 numerum
696 1365 946 1454 uniuscujusque
963 1385 1076 1431 versus
1095 1385 1230 1452 compu-

115 1482 192 1549 tanti
206 1498 328 1548 constat
343 1478 487 1547 vocalem
505 1500 519 1544 e
533 1479 732 1567 pertinaciter
746 1479 929 1568 perstitisse,
944 1479 978 1544 in
995 1475 1102 1545 verbis
1115 1477 1231 1546 scilicet

116 1615 150 1665 ut
166 1594 299 1675 trichibr,
316 1601 452 1674 nuntior,
469 1611 560 1660 etc...

161 1705 267 1795 Vlll.)
287 1706 379 1775 Adde
404 1705 490 1796 quod
517 1705 644 1796 regulae
667 1728 749 1796 quae
769 1703 808 1773 ad
830 1707 1003 1775 nominum
1016 1705 1232 1776 verborumve

118 1822 362 1893 declinationem
383 1821 542 1908 pertinent
554 1821 751 1889 strictissime
769 1819 886 1909 ubique
898 1838 1039 1889 servatae
1052 1839 1147 1903 sunt,
1169 1844 1234 1890 uno

118 1954 250 2027 excepto
267 1958 356 2004 versu
373 1932 467 2023 (XII)
486 1958 493 2002 :

384 2075 424 2142 Et
438 2097 478 2163 ge
492 2075 547 2163 qui
563 2077 610 2165 sui
630 2073 703 2141 bien
722 2075 808 2163 pard,

120 2217 172 2286 ubi
186 2235 292 2284 tamen
305 2215 442 2283 formam
456 2220 545 2305 paras
558 2214 664 2303 legere
681 2233 784 2304 potes,
802 2237 876 2282 curn
894 2216 1020 2303 saepius
1038 2216 1073 2282 in
1089 2213 1154 2283 hoc
1169 2239 1236 2284 car·

120 2332 207 2401 mine
224 2349 318 2422 poeta
334 2329 463 2399 ultimas
473 2328 608 2417 syllabas
626 2331 710 2397 inter
725 2353 759 2397 se
776 2352 843 2397 non
855 2328 948 2418 plane
961 2352 1121 2398 consonas
1134 2329 1239 2398 admi·

120 2447 206 2515 serit.

165 2560 315 2638 Quorsus
335 2558 412 2626 haec
432 2559 612 2647 pertinent?
626 2559 753 2648 Nempe
769 2560 807 2626 iis
831 2576 956 2626 emanat
978 2554 1116 2641 indiciis,
1133 2582 1238 2648 quan·

121 2694 216 2762 quam
236 2667 321 2738 haud
338 2666 417 2736 adeo
432 2670 538 2752 certis,
554 2668 637 2737 nihil
655 2668 780 2737 obstare
805 2671 884 2759 quin
908 2668 1080 2738 duodecim
1103 2669 1143 2738 de
1167 2672 1240 2761 qui·

122 2784 179 2853 bus
194 2786 298 2873 agitur
313 2784 454 2851 carmina
470 2785 525 2851 uni
541 2802 572 2850 et
587 2781 691 2851 eidem
706 2803 819 2873 poetae
836 2781 1066 2871 adjudicemus.
1088 2785 1175 2868 Imo,
1200 2787 1239 2852 iis

121 2895 450 2967 animadversionibus
483 2921 519 2965 ea
547 2897 775 2966 confirmantur
806 2921 888 2987 quae
922 2895 961 2965 de
993 2898 1113 2966 Museti
1138 2899 1239 2967 natali

121 3015 243 3103 origine
267 3034 299 3081 et
314 3031 459 3102 tempore
481 3035 575 3101 supra
599 3036 713 3081 sumus
737 3014 894 3100 augurati.
929 3012 1055 3080 Scilicet
1083 3010 1238 3082 dialectos

122 3127 283 3217 illaquam
306 3127 340 3195 in
363 3127 401 3194 iis
427 3127 583 3216 poematis
611 3123 895 3214 deprehendimus,
919 3149 987 3194 non
1012 3127 1239 3216 privatissimis

122 3243 219 3332 signis
238 3241 438 3331 peculiariter
463 3239 622 3323 distincta,
650 3241 810 3307 sermonis
832 3240 1073 3328 Campaniensis
1095 3244 1240 3330 speciem

123 3357 284 3445 exprimit,
301 3373 333 3422 et
348 3378 422 3424 cum
434 3377 584 3422 sermone
599 3352 773 3423 Christiani
787 3353 1000 3422 Tricassensis
1015 3357 1090 3424 satis
1102 3379 1242 3426 consen·

125 3473 173 3539 tit.
196 3472 280 3539 Cum
300 3488 408 3537 autent
427 3468 514 3558 leges
533 3491 616 3558 quae
630 3466 670 3535 ad
691 3466 940 3536 declinationem
959 3487 1103 3559 spectant
1125 3471 1240 3539 incor-

124 3603 233 3673 ruptae
252 3601 284 3650 et
298 3585 440 3673 integrae
455 3584 662 3672 perstiterint,
684 3582 720 3649 fit
745 3581 919 3650 verisimile
940 3606 977 3650 ea
993 3602 1145 3672 poemata
1159 3585 1241 3654 inci·

122 3701 227 3788 piente
242 3699 335 3766 tertio
349 3696 476 3766 decimo
494 3695 620 3765 saeculo
637 3697 753 3785 scripta
767 3695 875 3765 fuisse.

166 3815 238 3880 Hoc
251 3813 348 3900 igitur
364 3811 514 3893 stabilito,
531 3834 627 3901 quam
641 3809 732 3879 decet
742 3811 777 3877 in
792 3808 925 3878 edendis
939 3808 1027 3878 hisce
1041 3812 1240 3882 carminibus

122 3928 281 3997 rationem
299 3927 504 4016 potissimum
527 3927 632 4016 sequi,
661 3924 749 4015 quod
775 3923 815 3992 ad
840 3924 1043 4014 singulorum
1066 3925 1243 3995 vocabulo·

124 4064 197 4111 rum
216 4040 351 4109 formam
366 4041 616 4129 scripturamque
631 4040 788 4130 pertinet?

19 4538 134 4672 'k
