2782 4980
113 500 215 567 Primi
234 500 320 567 enim
344 518 501 568 nostrates
525 498 617 590 lyrici
642 523 701 567 nos
722 517 825 566 artem
849 496 1096 586 compositionis
1116 491 1191 564 edo-

66 637 175 683 cuere.
198 615 271 683 Sive
291 616 379 704 epica
399 632 560 704 poemata,
582 615 649 681 sive
671 613 741 681 illas
765 611 804 680 de
822 611 977 680 Arthurio
995 634 1068 700 rege
1088 634 1192 678 narra-

68 731 175 797 tiones
192 732 379 818 respexeris,
396 729 468 799 fluit
481 728 679 798 errabundus
695 747 726 796 et
745 727 917 817 aequabilis
936 746 1054 795 tractus
1073 728 1192 793 oratio-

68 846 154 911 nis:
176 845 308 934 quippe,
326 847 515 928 sententiae,
538 843 620 912 nulli
635 862 722 911 certo
737 866 888 911 versuum
908 864 1044 909 numero
1064 839 1193 908 adstric·
1241 823 1244 828 ¹

68 977 132 1041 tae,
154 962 241 1049 quasi
262 959 393 1044 dilutae,
410 959 508 1028 libere
524 977 679 1048 vagantur
697 976 730 1026 et
744 957 873 1047 longius
893 954 1189 1025 circumducuntur.

66 1072 164 1163 Apud
184 1073 300 1161 lyricos
326 1095 447 1157 autem,
473 1074 537 1142 fixo
563 1076 740 1163 exiguoque
764 1071 968 1161 stropharum
994 1094 1130 1139 numero
1157 1072 1190 1137 in

65 1207 189 1256 arctum
210 1208 350 1272 coactae,
374 1191 491 1257 strictis
515 1191 667 1256 metricae
693 1190 769 1256 artis
795 1188 948 1277 angustiis
973 1208 1186 1274 compressae,

64 1305 156 1392 quasi
169 1303 354 1388 densantur,
375 1324 446 1395 apte
463 1303 665 1385 ordinantur,
683 1305 727 1371 ita
742 1322 777 1372 ut
796 1304 901 1370 variae
917 1301 1065 1368 carminis
1085 1320 1187 1390 partes

65 1420 101 1486 in
117 1443 220 1487 unum
239 1440 365 1488 coeant.

112 1534 332 1618 Quinetiam,
355 1536 450 1625 primi
478 1536 561 1602 inter
590 1557 705 1602 omnes
725 1533 816 1622 lyrici
838 1533 939 1601 nostri
959 1533 993 1600 in
1014 1529 1188 1622 eloquendi

67 1667 135 1718 arte
152 1651 266 1717 versati
287 1667 374 1733 sunt,
401 1648 579 1719 admodum
600 1672 671 1716 raro
693 1672 711 1715 a
734 1648 847 1716 ceteris
871 1646 969 1715 medii
992 1648 1061 1714 aevi
1084 1648 1188 1736 poetis

67 1781 211 1832 tractata.
233 1765 333 1832 Primi
351 1788 460 1832 versus
482 1787 694 1854 composuere
713 1786 851 1853 quorum
871 1764 1002 1831 metrica
1021 1763 1102 1830 ratio
1122 1785 1188 1829 non

67 1902 197 1946 merum
212 1880 389 1946 memoriae
404 1878 635 1948 adminiculum
646 1902 714 1946 esse
727 1876 884 1959 videatur,
895 1877 949 1945 sed
959 1901 1014 1965 pet
1026 1902 1060 1945 se
1070 1877 1183 1945 valeat.

66 1993 207 2075 Scilicet,
218 1992 363 2083 rhythmi
378 2013 410 2061 et
424 1992 598 2062 modorum
612 1992 796 2062 difficultate
809 1993 953 2074 coerciti,
971 1993 1067 2082 primi
1079 2016 1187 2060 sense-

67 2126 144 2176 runt
162 2108 256 2176 multi
274 2107 391 2176 laboris
410 2132 480 2177 esse
496 2109 631 2198 stylum,
647 2110 742 2197 primi
757 2106 863 2177 dicere
878 2131 983 2196 presse
997 2127 1029 2175 et
1043 2105 1187 2175 adstricte

67 2241 283 2305 tentaverunt,
304 2223 407 2292 verbis
428 2224 590 2292 delectum
610 2223 822 2291 adhibuerunt
841 2242 872 2291 et
893 2221 1188 2292 animadverterunt

67 2336 230 2407 vocabuhs
252 2337 367 2406 faciem
393 2362 460 2406 non
481 2338 631 2407 omnibus
653 2362 752 2406 unam
776 2360 858 2420 esse,
885 2357 997 2427 utpote
1018 2361 1097 2426 quae
1121 2359 1188 2405 non

66 2455 185 2542 pariter
204 2452 336 2542 pulchra
356 2455 432 2536 sint,
454 2477 513 2523 nec
532 2457 649 2543 pariter
665 2453 841 2544 splendida,
868 2455 1021 2544 ingentia,
1049 2476 1182 2521 sonora.

110 2567 190 2635 Inde
203 2567 290 2656 apud
308 2567 423 2657 lyricos
442 2568 599 2638 industria
618 2568 672 2636 illa
689 2569 875 2653 verborum,
897 2567 972 2638 inde
991 2567 1140 2637 sedulitas
1154 2571 1187 2636 in

67 2703 153 2751 recte
173 2682 340 2752 scribendo
355 2704 556 2774 consumpta,
576 2687 656 2752 mira
676 2683 806 2776 quidem
825 2687 852 2752 si
871 2687 1039 2775 epicorum
1057 2707 1188 2773 poema·

67 2815 137 2865 tum
166 2817 325 2882 auctores,
356 2797 479 2867 ferreos
505 2799 579 2867 illos
607 2820 730 2890 poetas,
759 2801 945 2890 respexeris.
974 2802 1046 2887 Jam
1075 2798 1188 2868 callent

67 2912 157 3001 lyrici
180 2912 329 3001 operibus
352 2913 475 2981 colores
497 2913 627 2998 ducere,
652 2916 719 2983 sive
744 2914 840 2983 bellas
863 2914 1090 2983 similitudines
1111 2938 1187 2982 con-

58 3025 162 3111 dunt,
181 3028 246 3094 sive
261 3028 373 3116 primis
392 3028 485 3096 lineis
502 3028 656 3097 dominae
674 3029 814 3119 effigiem
834 3028 1013 3119 designant,
1038 3056 1054 3093 «
1071 3030 1189 3100 flaven-

70 3161 134 3209 tem
153 3163 338 3223 comam,...
365 3162 396 3210 et
416 3142 504 3211 labra
528 3144 653 3213 aemula
677 3145 800 3212 rosis...
821 3163 853 3212 et
874 3168 1029 3233 genarum
1051 3144 1190 3214 candore

70 3257 209 3324 mixtum
229 3255 424 3325 ruborem...
444 3276 476 3326 et
493 3257 632 3327 frontem
653 3259 752 3348 glacie
773 3259 1000 3328 nitidiorem...
1023 3279 1054 3328 et
1073 3260 1191 3328 ocello-

72 3393 144 3438 rum
160 3373 274 3439 aciem.
293 3396 310 3434 s

116 3486 205 3555 Num
232 3488 486 3574 praetermittere
512 3487 587 3555 licet
612 3511 665 3555 eas
691 3486 829 3556 vernalis
852 3488 1006 3576 temporis
1035 3489 1187 3576 picturas,

72 3600 201 3691 quibus,
223 3606 347 3691 saepius
362 3602 508 3694 quidem,
530 3629 596 3673 non
618 3624 726 3673 tamen
741 3603 821 3674 adeo
841 3604 965 3688 odiose,
987 3623 1036 3673 tot
1054 3607 1194 3672 carmina

72 3716 257 3804 incipiunt?
289 3717 428 3786 Solerter
460 3721 493 3786 in
524 3721 746 3787 recentissimo
778 3732 897 3810 opere¹
935 3721 1110 3809 suspicatus
1148 3739 1195 3787 est

74 3832 124 3898 vir
149 3833 441 3919 praestantissimus
469 3835 511 3902 G.
544 3835 630 3900 Paris
656 3834 789 3924 lyricam
819 3834 916 3902 medii
940 3836 1009 3902 aevi
1032 3835 1155 3922 poesim
1179 3857 1196 3901 e

117 4038 140 4076 1.
160 4023 207 4077 Les
219 4025 324 4094 arpinas
333 4025 362 4078 de
372 4025 397 4078 la
405 4026 482 4096 podria
494 4026 585 4098 lyrriyue
598 4044 632 4080 au
646 4027 795 4100 moyenssdyr,
807 4021 913 4099 'Journal
923 4028 963 4082 dar
973 4026 1089 4093 Savants,
1116 4027 1192 4098 1892.
