2782 4980
578 421 622 432 --
646 404 661 470 3
689 422 732 433 -

96 525 190 593 unius
209 522 327 622 codicis
342 525 584 612 transcriptione
595 535 620 608 ¹,
643 528 722 608 sive,
744 523 827 614 apud
853 547 926 607 nos,
947 523 1080 593 ridicula
1103 525 1213 594 indili-

96 640 230 726 gentia2.
247 640 320 707 Hoc
338 656 447 719 tamen
466 639 605 707 deterius
623 658 630 701 :
647 639 779 722 scilicet,
810 640 971 706 rarissime
992 658 1139 710 curatum
1166 660 1213 709 est

96 757 132 819 ut
156 755 267 820 omnia
291 751 435 842 ejusdem
455 771 569 842 poetae
591 755 733 821 carmina
760 755 793 821 in
819 777 922 822 unum
950 774 1157 843 cogerentur,
1181 775 1213 824 et

96 867 180 935 inter
193 885 324 935 centum
339 867 405 936 duo
418 887 450 936 et
465 870 697 959 quinquaginta
710 867 840 956 lyricos,
862 871 916 936 vix
936 867 1106 937 duodecim
1121 894 1213 960 repe-

96 984 158 1049 rias
178 1006 318 1072 quorum
337 1007 446 1074 opera,
469 982 526 1052 tibi
546 985 642 1052 unius
666 983 738 1052 libri
757 985 888 1074 paginas
912 984 1087 1068 evolventi,
1110 984 1213 1072 legere

97 1097 216 1165 liceret.
236 1100 334 1187 AEgre
352 1089 451 1182 enim,
468 1100 495 1166 si
510 1097 631 1187 aliquot
647 1097 814 1182 Schelerii,
830 1097 937 1166 Fathii
954 1118 986 1167 et
1000 1098 1214 1168 Brakelmanii

98 1209 254 1280 editiones
281 1216 453 1303 exceperis,
488 1214 630 1303 quinque
656 1213 708 1281 vel
736 1237 792 1280 sex
827 1214 912 1280 tertii
947 1212 1063 1282 decimi
1096 1214 1215 1283 saeculi

97 1325 213 1414 lyricos
223 1350 410 1396 enumerare
420 1328 536 1417 possis,
548 1325 712 1396 Adamum
721 1328 796 1395 dela
805 1327 900 1411 Hale,
912 1326 1092 1396 Iohannem
1103 1328 1212 1411 Bruti,

97 1441 276 1510 Iohannem
294 1440 425 1526 Manioi,
440 1466 581 1532 quorum
595 1444 706 1510 omnia
724 1466 805 1531 quae
835 1462 1006 1532 supersunt
1030 1466 1126 1532 opera
1145 1441 1213 1532 glo-

99 1579 222 1624 merare
240 1575 272 1624 et
290 1556 383 1625 edere
399 1556 520 1647 dignati
539 1559 601 1625 sint
618 1555 745 1626 eruditi.
767 1556 860 1627 Nihil
874 1557 967 1626 nobis
990 1559 1024 1626 in
1044 1577 1209 1647 promptu,

98 1671 179 1739 nihil
192 1695 267 1761 prae
287 1696 385 1741 manu
403 1674 545 1760 positum
560 1673 622 1740 nisi
639 1671 833 1741 collectanea
851 1672 1008 1762 quaedam
1029 1695 1122 1741 caeco
1142 1697 1215 1741 casu

99 1786 188 1856 nullo
199 1786 381 1855 discrimine
395 1806 558 1876 congesta,
573 1786 688 1877 quibus
700 1787 823 1856 diversa
831 1786 1031 1856 diversorum
1042 1807 1213 1856 auctorum

98 1904 240 1969 carmina
254 1905 434 1991 promiscue
449 1903 531 1971 sicut
546 1901 612 1969 fors
624 1902 775 1970 obtulerit
790 1925 807 1970 e
822 1900 985 1970 codicibus
998 1901 1105 1986 libata,
1124 1925 1211 1970 com·
1289 1993 1292 1999 Ι

98 2036 273 2106 ponuntur.
294 2016 427 2085 Librum
447 2040 464 2083 a
484 2018 699 2085 Maetznerio³
723 2017 890 2086 collectum
910 2016 1027 2107 replica
1051 2037 1058 2079 :
1083 2039 1213 2085 carmen
1268 2018 1271 2023 ’

99 2131 244 2199 Gualteri
251 2131 286 2199 de
292 2133 423 2220 Dargies
434 2133 576 2221 primum
588 2133 737 2200 occurrit.
749 2133 904 2221 Paginam
911 2130 1006 2200 volve
1019 2130 1216 2200 :secundum

99 2248 209 2313 statim
219 2245 387 2314 offendesa
399 2247 476 2314 Guce
486 2247 583 2314 Bruta
589 2249 820 2335 compositum,
832 2247 964 2314 tertium
979 2269 997 2312 a
1009 2245 1216 2314 vicedomino

101 2360 293 2442 Carnutum,
316 2378 467 2449 quartum
487 2384 505 2429 a
524 2362 619 2429 Petro
638 2362 670 2428 da
688 2362 850 2443 Molaines,
871 2362 1022 2449 quintum
1042 2384 1060 2427 a
1079 2362 1216 2430 Conone

100 2474 320 2557 Bethuniensi,
337 2493 466 2543 sextum
480 2498 498 2543 a
512 2475 594 2543 duce
608 2475 820 2558 Brabantin03
837 2474 891 2544 hic
906 2476 1055 2565 Hugonis
1070 2473 1109 2542 de
1124 2477 1216 2565 Bregi

100 2591 284 2657 cantionem
304 2588 420 2675 habes;
444 2589 496 2659 hic
515 2590 658 2658 Mauritii
682 2588 897 2658 Credonensis
914 2614 1063 2677 carmen;
1091 2613 1216 2658 nonum

99 2702 235 2790 Jacobus
249 2705 282 2771 da
295 2704 399 2789 Cison,
421 2704 587 2773 decimum
601 2706 725 2795 scripsit
739 2703 933 2793 Radulphus
947 2728 1054 2773 comes
1075 2706 1219 2773 Suessio-

100 2821 219 2887 nensis.
236 2821 358 2887 Decem
379 2837 539 2909 poemata,
561 2818 673 2887 decem
681 2820 777 2888 simul
792 2839 905 2908 poetae
924 2838 997 2887 ante
1015 2837 1089 2889 tuos
1105 2818 1218 2889 oculos

100 2953 328 3003 successerunt.
352 2936 447 3013 Quae
469 2958 546 3003 cum
572 2937 616 3003 ita
643 2937 718 3019 sint,
749 2958 789 3002 an
814 2934 878 3002 ulla
902 2959 1058 3024 unquam,
1082 2959 1215 3024 quaes0,

100 3068 168 3118 tam
189 3048 388 3138 praepollens
407 3067 577 3138 poetarum
595 3049 704 3118 schola
723 3051 853 3131 exstitit,
872 3073 966 3138 quae,
983 3049 1063 3118 adeo
1082 3053 1167 3118 invia
1186 3071 1220 3119 et

99 3165 274 3248 inaccessa,
295 3163 478 3233 studentem
500 3164 574 3233 odio
597 3188 663 3232 non
682 3164 849 3247 obtundat,
876 3163 981 3232 taedio
1001 3188 1066 3232 non
1086 3168 1219 3234 enecet?

101 3277 174 3343 lloc
192 3275 249 3344 tibi
267 3278 353 3366 finge
367 3278 496 3344 animo:
520 3278 552 3344 Si
571 3276 653 3344 forte
672 3273 801 3343 cuidam
820 3275 951 3364 gallicos
964 3274 1218 3344 duodevicesimi

103 3390 221 3458 saeculi
255 3390 420 3481 elegorum
458 3394 628 3481 scriptores
662 3392 843 3459 aestimanti
878 3390 1002 3459 nullum
1036 3388 1217 3458 studiorum

103 3507 357 3575 instrumentum
388 3506 568 3596 suppeditet
593 3507 653 3575 nisi
680 3503 845 3595 quoddam
876 3505 1092 3595 spicilegium,
1128 3506 1216 3595 quod

144 3766 168 3806 1.
189 3749 289 3806 Confer
307 3750 505 3823 Wackernagel,
526 3750 608 3820 Altfr.
631 3750 732 3814 Lieder;
757 3749 855 3816 Keller,
876 3751 1011 3814 Romvart;
1030 3749 1216 3816 Brakelmann‚

104 3834 203 3890 Archiv
206 3836 257 3907 fiir
268 3835 293 3888 d.
307 3835 380 3890 stud.
392 3834 443 3888 der.
456 3853 482 3888 n.
493 3835 550 3906 Spr.
567 3852 593 3888 u.
609 3834 672 3888 Liri.
686 3846 705 3888 t.
719 3835 851 3900 XLIII-V,
861 3846 934 3888 etc...

142 3947 168 3987 2.
188 3931 289 3988 Confer
307 3931 403 3999 Tarbe,
416 3932 460 3985 Les
473 3932 553 3985 Poltes
564 3930 592 3984 da
600 3931 755 4002 champagne
765 3933 901 3986 antdrieurs
914 3932 930 3984 ὰ
942 3931 993 3984 l’an
1005 3947 1082 4000 1500.

143 4031 167 4086 3.
188 4015 316 4082 Matzner,
331 4015 413 4088 Altsr.
428 4016 522 4070 dieder.
