2782 4980
586 406 763 470 ..16-

132 545 379 614 oblectationem
401 570 408 613 :
430 563 572 613 ceterum
592 568 692 635 aeque
708 547 843 628 vivaces,
867 546 935 634 pari
956 542 1056 612 modo
1077 567 1247 634 perennes.

80 694 85 701 ·
132 660 223 730 Nihil
246 661 366 730 tristius
393 683 512 742 errore,
541 660 602 728 nisi
629 661 714 728 iners
738 659 895 749 ovilisque
921 660 1097 727 hominum
1123 679 1249 743 natura,

134 800 215 865 quae
231 798 372 845 errorem
387 773 562 867 quemlibet
579 776 696 864 excipit
710 793 741 842 et
754 774 854 843 fovet.
870 773 963 845 Nihil
977 774 1100 843 tristius
1116 775 1251 865 ineptia,

134 893 195 960 nisi
235 891 447 982 exploraveris
483 911 601 982 quanta
636 893 792 982 temporis
822 912 854 961 et
887 890 1069 961 studiorum
1106 893 1253 982 impensa

134 1007 254 1096 ineptia
266 1006 456 1076 destruatur.
474 1008 604 1076 Frustra
621 1007 774 1076 Paulinus
789 1007 876 1074 Paris
890 1005 947 1074 has
962 1005 1001 1075 de
1014 1006 1154 1076 Nicolao
1167 1005 1255 1076 Iabu-

134 1120 180 1189 las
203 1119 381 1211 redarguit;
402 1123 586 1210 superstites
604 1119 706 1191 adhuc
726 1138 880 1210 perstant,
914 1144 989 1189 nam
1015 1122 1135 1210 ineptia
1159 1145 1257 1211 quae·

135 1234 223 1317 libet,
244 1234 299 1303 ubi
314 1237 456 1326 primum
474 1238 509 1305 in
525 1235 637 1306 orbem
653 1237 779 1320 emissa,
802 1235 920 1320 adolet,
939 1235 1043 1318 floret,
1061 1234 1254 1325 explicatur,

134 1351 213 1418 vivit
224 1349 260 1418 in
276 1369 454 1420 aeternum.

679 1627 708 1694 11

244 1870 331 1958 Quid
351 1870 384 1937 de
406 1870 531 1938 Nicolai
553 1870 668 1936 Mureti
689 1871 755 1938 vita
776 1882 954 1959 perspectum
977 1870 1148 1938 habeamus.

185 2116 234 2182 De
249 2116 349 2183 nostri
362 2133 476 2204 poetae
490 2116 555 2183 vita
569 2137 670 2203 pauca
682 2112 812 2203 quidem
824 2133 982 2194 tenemus,
1000 2114 1055 2182 sed
1068 2115 1144 2183 satis
1159 2135 1258 2184 certa.

185 2230 317 2319 Quippe
343 2252 417 2297 cum
445 2247 508 2298 tres
533 2252 571 2296 ex
601 2232 665 2298 suis
695 2229 837 2318 patronis
867 2230 1059 2297 nominatim
1089 2228 1260 2317 protulerit

141 2342 309 2426 Nicolaus,
331 2343 451 2413 scilicet
473 2369 481 2410 :

190 2472 222 2524 1⁰
245 2480 324 2526 mon
341 2456 405 2526 bon
425 2460 555 2544 seignor
569 2458 608 2527 de
623 2459 853 2548 Waignonrut,

187 2589 223 2643 2⁰
246 2573 276 2642 la
295 2574 378 2642 bone
395 2571 561 2656 duchesse‚

189 2703 224 2777 3⁰
248 2688 276 2756 le
295 2687 360 2756 bon
374 2708 480 2755 comte
495 2687 534 2755 de
551 2687 754 2772 Widemont,

142 2804 308 2893 inquisivit
325 2805 361 2871 P.
385 2803 490 2870 Paris1
511 2824 577 2891 quo
602 2820 746 2891 tempore
771 2821 803 2871 et
823 2803 856 2870 in
879 2827 941 2892 qua
962 2805 1091 2892 regione
1111 2804 1261 2888 vixerint,

142 2917 238 3008 idque
259 2918 338 2986 adeo
362 2920 525 3007 sagaciter,
548 2937 595 3001 ut,
618 2940 699 3007 quae
725 2920 872 3006 conjecit,
900 2921 1027 3006 propria
1053 2915 1262 3005 indagatione

143 3032 293 3100 roborare
311 3031 454 3122 quidem,
475 3055 541 3100 non
555 3051 665 3100 autem
684 3032 837 3121 ampliare
852 3032 988 3101 valeam.

190 3161 222 3215 1⁰
246 3149 330 3227 Quis
345 3148 406 3216 hoc
420 3148 512 3217 titulo
524 3172 540 3210 e
557 3171 626 3216 naon
636 3147 689 3215 bon
702 3150 816 3235 seignur
829 3149 864 3214 de
883 3150 1088 3235 Waignonrut
1100 3173 1116 3211 ›>
1131 3172 1259 3241 memo·

143 3283 229 3330 ratus
244 3263 314 3330 est?

187 3378 350 3466 Ancipites
378 3376 534 3444 haesitant
558 3376 651 3462 hujus
677 3373 825 3444 vocabuli
853 3375 975 3445 formae
1004 3402 1011 3444 :
1040 3399 1116 3444 nam
1139 3379 1173 3444 in
1195 3376 1265 3446 ber·

144 3494 235 3561 nensi
250 3491 360 3560 codice
379 3493 424 3558 B²
447 3493 649 3579 Waignonrut
666 3490 793 3580 legitur,
811 3494 844 3558 in
862 3493 1081 3580 manuscripto
1099 3495 1270 3582 parisiensi

143 3606 218 3675 Pb¹2
242 3609 440 3695 Waigonrut;
464 3609 498 3673 in
522 3605 652 3672 diversis
679 3604 830 3674 Gaulredi
853 3606 1091 3676 Villeharduini
1114 3607 1270 3677 historiae

142 3721 324 3791 codicibus²
342 3747 348 3788 :
366 3721 522 3810 Gaignoru
538 3717 612 3810 (A),
630 3720 821 3809 Gaignonriu
840 3719 913 3811 (B),
933 3723 1079 3810 Voignoni
1096 3721 1143 3812 (C
1160 3725 1190 3792 D
1207 3722 1264 3811 E),

183 3976 206 4014 1.
225 3960 337 4014 Histoire
350 3960 480 4026 littdraire,
494 3971 513 4013 t.
529 3959 629 4026 XXIII,
648 3973 772 4030 547-553.

180 4061 206 4098 2.
227 4043 269 4099 ef.
285 4044 329 4098 ed.
343 4044 397 4097 ade
411 4043 513 4116 Wailly,
527 4057 644 4098 curatam
657 4045 671 4115 §
683 4058 707 4111 5.
