2782 4980
629 413 806 478 ..62-

153 552 202 618 des
225 554 286 618 icus
308 553 348 617 du
364 550 481 638 from),
506 552 627 618 amicae
650 550 787 619 absentis
811 551 970 619 desiderio
991 552 1140 636 affectus,
1167 578 1261 623 versus

154 689 232 732 suos
253 666 395 733 condidit
415 662 480 752 (V)
503 691 510 732 :

399 808 454 874 On
474 828 507 872 se
528 805 595 873 doit
615 805 687 873 bien
708 804 880 873 essorchier

308 922 356 987 De
376 923 446 989 Deu
465 922 575 1002 servir,
597 923 626 1008 ja
643 921 675 988 ni
692 922 755 988 soit
772 919 796 987 Ii
814 919 928 1002 talam,

399 1035 438 1102 Et
455 1033 485 1102 le
498 1056 551 1102 car
565 1030 703 1101 fraindre
719 1053 750 1102 et
766 1032 921 1124 plaissiet,

311 1151 352 1216 Ki
367 1169 440 1216 tous
459 1151 545 1236 jours
559 1168 606 1217 est
624 1147 664 1216 de
678 1148 809 1238 pechier
827 1148 988 1231 desirans3

312 1263 423 1330 Adont
435 1265 503 1331 voit
521 1264 609 1330 Deus
624 1263 652 1330 le
667 1260 786 1330 double
805 1261 1004 1351 penitanche.

311 1379 373 1459 He,
391 1376 455 1445 las!
472 1401 506 1446 se
520 1399 581 1445 nus
599 1400 632 1445 se
649 1375 717 1445 doit
732 1399 844 1445 sauver
858 1374 982 1456 dolans,

312 1494 402 1560 Dont
417 1490 485 1561 doit
503 1514 558 1581 par
576 1490 660 1560 droit
677 1514 729 1558 me
750 1492 863 1558 merite
878 1507 963 1558 estre
976 1512 1084 1577 grans,

312 1607 375 1674 Car
389 1605 459 1695 plns
474 1605 585 1674 dolens
598 1629 638 1674 ne
654 1629 687 1674 se
703 1624 772 1695 part
786 1629 845 1673 nus
861 1602 901 1672 de
917 1604 1045 1672 Franco.

687 1879 743 1945 IV.

202 2101 261 2166 His
275 2117 382 2167 autem
400 2096 526 2167 dotibus
541 2123 574 2167 se
588 2101 754 2189 praecipue
769 2124 786 2167 a
802 2099 899 2189 vulgo
914 2103 1024 2169 eximit
1042 2102 1141 2170 Cono
1156 2103 1277 2172 Bethu-

158 2218 277 2283 niensis
295 2214 393 2306 qnod,
410 2217 557 2304 quamvis
569 2218 755 2304 exquisitam
772 2214 858 2284 illam
876 2214 914 2283 de
929 2234 994 2284 arte
1009 2217 1139 2285 amandi
1158 2216 1277 2288 doctri-

159 2354 246 2413 nam,
266 2329 303 2397 ab
323 2331 514 2419 Aquitaniae
529 2329 634 2419 lyricis
651 2331 873 2418 excogitatam,
894 2330 1032 2419 perbene
1050 2353 1276 2421 cognosceret,

158 2469 229 2512 eam
253 2465 361 2513 tamen
384 2464 498 2534 sponte
520 2468 590 2527 sua,
612 2469 737 2513 necnon
760 2447 829 2513 sine
849 2445 1010 2536 voluptate
1029 2446 1182 2536 quadam,
1207 2452 1278 2517 vio·

158 2560 246 2629 lavit.

201 2675 301 2757 Nam,
325 2691 362 2742 ut
389 2674 533 2763 exempla
559 2674 699 2757 afferam,
729 2677 885 2743 rationem
910 2673 1034 2744 reddidi
1060 2700 1117 2745 cur
1146 2675 1278 2747 deceret

159 2805 300 2854 amantes
319 2806 499 2875 exspectare
517 2811 655 2877 semper,
677 2807 770 2877 atque
784 2788 817 2856 id
836 2789 920 2858 laeto
934 2791 1057 2872 animo,
1080 2813 1185 2879 neque
1200 2791 1278 2859 lice-

157 2922 203 2970 ret
230 2924 374 2990 unquam
397 2924 464 2983 eos,
491 2903 615 2969 etiamsi
642 2926 713 2992 spes
736 2902 909 2986 falleretur,
934 2902 1053 2973 invidia
1076 2907 1109 2970 in
1133 2927 1277 2974 amatam

158 3017 273 3084 furere.
289 3019 435 3084 Devovet
448 3017 662 3085 nihilominus
681 3019 774 3087 Cono
789 3020 822 3087 in
835 3019 987 3087 omnibus
1001 3018 1065 3086 fere
1079 3020 1279 3090 carminibus

159 3130 327 3198 dominam
343 3130 417 3220 (VI,
439 3132 510 3213 VII,
536 3132 622 3215 VIII,
644 3133 703 3216 IX,
723 3131 772 3221 X)
795 3159 802 3200 :

381 3271 467 3338 Tant
484 3274 513 3339 ai
532 3277 603 3340 ame
624 3275 716 3364 qu'or
736 3297 787 3342 me
806 3275 933 3342 covient
948 3275 1028 3355 hair,

470 3388 510 3454 Et
528 3389 554 3454 si
570 3411 610 3455 ne
629 3388 698 3455 kier
717 3391 798 3456 mais
817 3411 916 3470 amer,

383 3499 458 3568 S’en
472 3501 515 3569 tel
529 3500 580 3571 leu
595 3500 677 3570 n'est
690 3503 763 3571 c'on
777 3527 818 3571 ne
832 3501 926 3571 sache
941 3505 1070 3586 mentir,

469 3617 520 3684 Ne
539 3614 698 3699 decevoir,
718 3640 759 3685 ne
773 3616 903 3686 fausset.
1062 3614 1184 3705 (VIII.)

206 3757 274 3834 Qui
294 3779 413 3835 versus,
432 3759 502 3840 etsi,
520 3756 558 3826 ab
575 3759 695 3826 immiti
716 3758 773 3825 illo
792 3760 929 3828 Conone
945 3760 1065 3847 scripti,
1086 3782 1153 3826 non
1173 3758 1279 3827 admi-

162 3872 320 3939 rationem
346 3893 489 3954 movent,
526 3870 610 3961 apud
639 3890 767 3963 poetam
804 3892 912 3941 tamen
940 3874 1104 3942 amatoriis
1130 3873 1278 3943 versibus

162 3984 307 4054 deditum
331 3987 367 4051 in
395 3986 550 4055 miraculo
574 4006 659 4055 sunt.
693 3990 820 4055 Horum
846 3989 945 4070 enim,
974 3986 1013 4056 de
1040 3986 1155 4078 quibus
1181 4012 1279 4077 supra
