2782 4980
134 533 259 619 saepius
272 551 476 621 rogaverunt,
493 552 524 600 et
541 555 600 600 nos
615 556 711 614 nunc,
727 556 843 601 eorum
857 532 1007 601 mandata
1020 535 1132 616 secuti,
1148 551 1179 601 te
1194 534 1250 601 ite-

133 668 208 713 rum
221 668 384 735 rogamus,
403 670 512 714 coram
527 645 691 730 omnibus,
705 668 739 716 ut
752 668 844 737 pacto
857 651 932 730 stes',
950 649 996 716 uti
1009 650 1091 716 inter
1104 667 1135 716 te
1150 666 1181 716 et
1194 671 1249 716 eos

133 780 339 829 convenerat.
361 762 423 830 Cui
439 764 466 828 si
485 764 619 844 steteris,
640 763 750 830 omnia
768 780 853 830 recte
870 785 902 830 se
920 760 1102 844 habebunt;
1125 764 1174 831 sin
1194 761 1249 831 ali-

131 895 192 958 ter,
214 878 292 944 scias
308 899 364 944 eos
383 879 416 944 in
431 897 596 966 posterum
612 897 643 944 te
663 901 723 945 nec
742 900 800 966 pro
818 875 967 961 domino,
990 900 1049 945 nec
1068 901 1126 967 pro
1141 880 1248 946 amico

133 988 312 1058 habituros.
328 989 428 1068 Quod
443 990 594 1074 diximus,
611 989 781 1073 audivisti3
798 990 971 1060 consilium
986 1010 1107 1074 autem,
1125 993 1172 1059 uti
1186 990 1250 1080 pla-

134 1101 232 1186 cebit,
251 1105 367 1191 capies.
392 1128 408 1166 »

179 1218 300 1286 Nonne
320 1219 464 1286 Cononis
482 1216 613 1307 legatio,
639 1238 704 1286 tam
726 1219 872 1293 ferociter
897 1239 1033 1310 peracta,
1057 1221 1250 1288 memoriam

135 1329 330 1420 redintegrat
350 1335 516 1422 epicorum
537 1353 736 1423 poematum,
758 1337 792 1402 in
811 1335 939 1424 quibus,
956 1354 991 1404 ut
1006 1336 1100 1403 Cono
1117 1336 1251 1424 impera-

135 1465 254 1528 torem,
283 1449 330 1514 sic
360 1467 391 1516 et
423 1448 556 1515 Wenilo
587 1448 767 1518 Marsilium
800 1468 831 1518 et
862 1448 970 1518 Guido
1000 1448 1250 1540 Burgundiensis

136 1560 314 1643 Balantem,
335 1561 508 1630 africanum
527 1587 648 1652 regem,
670 1566 866 1654 provocant?

672 1839 714 1906 11.

179 2058 276 2144 Erg0‚
292 2080 368 2125 cum
383 2056 480 2125 talem
495 2082 528 2125 se
547 2061 653 2126 virum
667 2061 700 2126 in
714 2058 808 2127 rebus
822 2061 919 2148 gestis
934 2062 1132 2149 praestiterit,
1150 2061 1252 2149 inspi-

134 2175 258 2241 ciamus
279 2196 362 2241 nunc
381 2171 508 2260 qualem
527 2172 566 2241 de
585 2197 619 2240 se
638 2177 710 2263 ipso
729 2176 764 2242 in
784 2175 927 2243 versibus
947 2175 1124 2263 imaginem
1143 2174 1250 2243 reddi-

134 2286 230 2370 derit,
249 2305 357 2355 utrum
378 2289 503 2376 poetica
520 2289 568 2356 vis
589 2290 657 2377 ejus
677 2287 829 2378 singulari
849 2289 994 2357 hominis
1012 2287 1115 2357 indoli
1133 2313 1190 2378 par
1212 2292 1252 2356 sit

135 2422 167 2470 et
188 2419 410 2483 consentanea,
432 2426 472 2470 an
491 2400 580 2470 nulla
601 2407 729 2492 propria
746 2423 777 2472 et
795 2402 962 2493 peculiaris
985 2406 1053 2492 ejus
1076 2403 1198 2494 effigies
1217 2407 1251 2472 in

135 2515 332 2585 carminibus
356 2517 507 2585 emineat.
533 2515 713 2587 Fatendum
736 2520 820 2587 enim
847 2544 854 2586 :
878 2520 904 2586 si
926 2521 975 2587 vir
993 2519 1091 2587 animi
1117 2520 1251 2587 minime

134 2632 272 2720 vulgaris
296 2629 376 2699 nihil
398 2630 484 2700 aliud
508 2656 606 2722 quam
632 2631 777 2723 vulgares
800 2636 964 2702 cantiones
988 2635 1136 2701 cecinisse
1157 2633 1250 2702 nobis

134 2744 305 2829 videbitur,
328 2769 431 2836 neque
451 2747 579 2816 affectus
599 2749 788 2837 expressisse
808 2749 870 2816 nisi
890 2772 1081 2817 communes
1100 2749 1248 2816 omnium

134 2881 166 2929 et
192 2860 368 2944 obsoletos,
399 2861 570 2930 concedam
596 2864 763 2932 universos
789 2861 886 2930 medii
913 2865 981 2931 aevi
1003 2863 1133 2952 lyricos,
1164 2863 1250 2932 fatali

132 2975 272 3066 quadam
297 2975 436 3058 fortuna,
464 2979 593 3066 pertrita
614 2978 796 3067 vulgaribus
822 2977 925 3047 verbis
949 2981 1092 3046 carmina
1117 3002 1250 3068 compo-

133 3094 246 3161 suisse.

178 3206 347 3296 Equidem,
376 3209 402 3275 si
431 3209 501 3297 quis
528 3209 562 3275 in
589 3208 669 3276 hanc
695 3226 749 3276 aut
778 3207 866 3275 illam
892 3209 1038 3275 Cononis
1066 3211 1248 3276 cantionem

133 3320 265 3406 incidat,
287 3345 399 3389 vereor
419 3345 459 3389 ne
476 3324 583 3411 primo
601 3321 749 3412 adspectu
765 3321 861 3413 paulo
882 3323 1075 3412 iniquiorem
1096 3321 1134 3390 de
1157 3343 1250 3412 poeta

132 3456 245 3505 nostro
260 3437 452 3505 sententiam
467 3437 557 3505 ferat.
575 3439 614 3505 Et
627 3460 736 3505 revera
751 3435 948 3506 demiramur
962 3460 1037 3505 eum
1054 3439 1158 3506 amori
1175 3461 1250 3506 sane

133 3551 253 3621 insulse
270 3550 434 3641 indulgere
452 3579 458 3619 :
478 3552 587 3620 credas
601 3577 669 3621 non
681 3554 788 3622 virum
803 3553 913 3622 castris
932 3552 1130 3642 militiaeque
1145 3577 1250 3621 assue-

133 3684 217 3747 tum,
237 3665 293 3734 sed
315 3690 418 3736 unum
437 3691 454 3734 e
475 3666 584 3737 multis
604 3666 858 3736 amasiunculum
876 3667 916 3737 de
935 3691 1045 3736 amore
1065 3691 1123 3736 suo
1143 3669 1248 3757 queri,

133 3783 210 3869 quin
231 3800 262 3849 et
276 3800 428 3864 mortem,
446 3801 555 3872 utpote
566 3780 722 3871 gaudium
736 3782 913 3864 allaturam,
931 3785 1013 3850 votis
1028 3784 1155 3853 arcessit
1174 3780 1222 3875 (Ι)
1241 3808 1247 3849 :

445 3925 493 3990 Ke
512 3942 581 3991 tant
600 3924 682 3992 desir
701 3949 734 3991 se
751 3929 863 3992 merite

445 4034 494 4111 lle
512 4038 617 4110 cheste
637 4063 725 4111 mors
740 4063 792 4115 me
812 4039 946 4119 delire„
