<?xml version="1.0" encoding="UTF-8"?>
<!DOCTYPE html PUBLIC "-//W3C//DTD XHTML 1.0 Transitional//EN"
    "http://www.w3.org/TR/xhtml1/DTD/xhtml1-transitional.dtd">
<html xmlns="http://www.w3.org/1999/xhtml" xml:lang="en" lang="en">
 <head>
  <title>
</title>
<meta http-equiv="Content-Type" content="text/html;charset=utf-8" />
  <meta name='ocr-system' content='tesseract 3.04.00' />
  <meta name='ocr-capabilities' content='ocr_page ocr_carea ocr_par ocr_line ocrx_word'/>
</head>
<body>
  <div class='ocr_page' id='page_1' title='image "./denicolaomuseto00bdgoog_0039.png"; bbox 0 0 2782 4980; ppageno 0'>
   <div class='ocr_carea' id='block_1_1' title="bbox 607 397 784 462">
    <p class='ocr_par' dir='ltr' id='par_1_1' title="bbox 607 397 784 462">
     <span class='ocr_line' id='line_1_1' title="bbox 607 397 784 462; baseline -0.006 -17"><span class='ocrx_word' id='word_1_1' title='bbox 607 397 784 462; x_wconf 75' lang='lat'>..26-</span> 
     </span>
    </p>
   </div>
   <div class='ocr_carea' id='block_1_2' title="bbox 134 532 1257 1998">
    <p class='ocr_par' dir='ltr' id='par_1_2' title="bbox 134 532 1257 1653">
     <span class='ocr_line' id='line_1_2' title="bbox 134 532 1254 626; baseline 0.002 -26"><span class='ocrx_word' id='word_1_2' title='bbox 134 532 188 600; x_wconf 89' lang='lat' dir='ltr'>ille</span> <span class='ocrx_word' id='word_1_3' title='bbox 205 535 361 602; x_wconf 89' lang='lat' dir='ltr'>virtutum</span> <span class='ocrx_word' id='word_1_4' title='bbox 385 536 538 625; x_wconf 87' lang='lat' dir='ltr'>principia</span> <span class='ocrx_word' id='word_1_5' title='bbox 557 535 704 618; x_wconf 90' lang='lat' dir='ltr'>absolvit,</span> <span class='ocrx_word' id='word_1_6' title='bbox 725 538 886 625; x_wconf 78' lang='lat' dir='ltr'>&#39;generosa</span> <span class='ocrx_word' id='word_1_7' title='bbox 907 538 1031 604; x_wconf 88' lang='lat' dir='ltr'>semina</span> <span class='ocrx_word' id='word_1_8' title='bbox 1057 538 1093 603; x_wconf 92' lang='lat' dir='ltr'>in</span> <span class='ocrx_word' id='word_1_9' title='bbox 1119 553 1254 626; x_wconf 89' lang='lat' dir='ltr'>pectore</span> 
     </span>
     <span class='ocr_line' id='line_1_3' title="bbox 135 647 1256 738; baseline 0.003 -23"><span class='ocrx_word' id='word_1_10' title='bbox 135 648 230 715; x_wconf 90' lang='lat' dir='ltr'>insita</span> <span class='ocrx_word' id='word_1_11' title='bbox 245 647 301 716; x_wconf 85' lang='lat' dir='ltr'>alit</span> <span class='ocrx_word' id='word_1_12' title='bbox 318 668 348 717; x_wconf 90' lang='lat' dir='ltr'>et</span> <span class='ocrx_word' id='word_1_13' title='bbox 361 649 515 738; x_wconf 83' lang='lat' dir='ltr'>explicat¹</span> <span class='ocrx_word' id='word_1_14' title='bbox 536 676 542 718; x_wconf 94' lang='lat'><strong>:</strong></span> <span class='ocrx_word' id='word_1_15' title='bbox 565 652 645 732; x_wconf 91' lang='lat' dir='ltr'>im0,</span> <span class='ocrx_word' id='word_1_16' title='bbox 667 653 735 719; x_wconf 92' lang='lat' dir='ltr'>sine</span> <span class='ocrx_word' id='word_1_17' title='bbox 758 650 825 733; x_wconf 88' lang='lat' dir='ltr'>illo,</span> <span class='ocrx_word' id='word_1_18' title='bbox 848 674 947 719; x_wconf 90' lang='lat' dir='ltr'>nemo</span> <span class='ocrx_word' id='word_1_19' title='bbox 967 650 1084 738; x_wconf 89' lang='lat' dir='ltr'>probus</span> <span class='ocrx_word' id='word_1_20' title='bbox 1096 663 1122 719; x_wconf 88' lang='lat'>².</span> <span class='ocrx_word' id='word_1_21' title='bbox 1145 653 1256 719; x_wconf 90' lang='lat' dir='ltr'>Amor</span> 
     </span>
     <span class='ocr_line' id='line_1_4' title="bbox 136 761 1256 848; baseline 0.004 -20"><span class='ocrx_word' id='word_1_22' title='bbox 136 785 175 829; x_wconf 84' lang='lat' dir='ltr'>ex</span> <span class='ocrx_word' id='word_1_23' title='bbox 208 761 422 834; x_wconf 83' lang='lat' dir='ltr'>aemulatione</span> <span class='ocrx_word' id='word_1_24' title='bbox 449 764 602 847; x_wconf 90' lang='lat' dir='ltr'>heroum,</span> <span class='ocrx_word' id='word_1_25' title='bbox 635 765 797 848; x_wconf 89' lang='lat' dir='ltr'>Tristani,</span> <span class='ocrx_word' id='word_1_26' title='bbox 832 765 990 848; x_wconf 90' lang='lat' dir='ltr'>Galwini,</span> <span class='ocrx_word' id='word_1_27' title='bbox 1020 783 1157 835; x_wconf 86' lang='lat' dir='ltr'>constat.</span> <span class='ocrx_word' id='word_1_28' title='bbox 1203 766 1256 833; x_wconf 90' lang='lat' dir='ltr'>Sic</span> 
     </span>
     <span class='ocr_line' id='line_1_5' title="bbox 134 875 1255 963; baseline 0.004 -19"><span class='ocrx_word' id='word_1_29' title='bbox 134 875 342 947; x_wconf 84' lang='lat' dir='ltr'>Theobaldus</span> <span class='ocrx_word' id='word_1_30' title='bbox 378 881 536 948; x_wconf 87' lang='lat' dir='ltr'>Navarrae</span> <span class='ocrx_word' id='word_1_31' title='bbox 574 903 627 947; x_wconf 87' lang='lat' dir='ltr'>rex</span> <span class='ocrx_word' id='word_1_32' title='bbox 662 900 669 942; x_wconf 90' lang='lat'>:</span> <span class='ocrx_word' id='word_1_33' title='bbox 703 907 718 942; x_wconf 78' lang='lat' dir='ltr'>a</span> <span class='ocrx_word' id='word_1_34' title='bbox 755 882 870 963; x_wconf 87' lang='lat' dir='ltr'>Amor,</span> <span class='ocrx_word' id='word_1_35' title='bbox 909 879 1083 962; x_wconf 86' lang='lat' dir='ltr'>urbanitas,</span> <span class='ocrx_word' id='word_1_36' title='bbox 1122 880 1255 949; x_wconf 81' lang='lat' dir='ltr'>bonitas</span> 
     </span>
     <span class='ocr_line' id='line_1_6' title="bbox 135 989 1255 1085; baseline 0.002 -23"><span class='ocrx_word' id='word_1_37' title='bbox 135 989 270 1062; x_wconf 81' lang='lat' dir='ltr'>triadem</span> <span class='ocrx_word' id='word_1_38' title='bbox 291 1013 321 1063; x_wconf 91' lang='lat' dir='ltr'>et</span> <span class='ocrx_word' id='word_1_39' title='bbox 344 994 499 1063; x_wconf 89' lang='lat' dir='ltr'>unitatem</span> <span class='ocrx_word' id='word_1_40' title='bbox 524 994 678 1078; x_wconf 86' lang='lat' dir='ltr'>efficiunt,</span> <span class='ocrx_word' id='word_1_41' title='bbox 703 1019 783 1085; x_wconf 87' lang='lat' dir='ltr'>quae</span> <span class='ocrx_word' id='word_1_42' title='bbox 807 1019 865 1063; x_wconf 88' lang='lat' dir='ltr'>nec</span> <span class='ocrx_word' id='word_1_43' title='bbox 892 998 1029 1077; x_wconf 88' lang='lat' dir='ltr'>secerni,</span> <span class='ocrx_word' id='word_1_44' title='bbox 1056 1018 1117 1062; x_wconf 91' lang='lat' dir='ltr'>nec</span> <span class='ocrx_word' id='word_1_45' title='bbox 1149 994 1255 1064; x_wconf 92' lang='lat' dir='ltr'>dividi</span> 
     </span>
     <span class='ocr_line' id='line_1_7' title="bbox 135 1108 1252 1198; baseline 0.003 -23"><span class='ocrx_word' id='word_1_46' title='bbox 135 1119 302 1195; x_wconf 78' lang='lat' dir='ltr'>possunt3.</span> <span class='ocrx_word' id='word_1_47' title='bbox 330 1109 486 1198; x_wconf 72' lang='lat' dir='ltr'>altaque,</span> <span class='ocrx_word' id='word_1_48' title='bbox 509 1108 643 1178; x_wconf 87' lang='lat' dir='ltr'>ultimus</span> <span class='ocrx_word' id='word_1_49' title='bbox 660 1110 778 1177; x_wconf 89' lang='lat' dir='ltr'>amoris</span> <span class='ocrx_word' id='word_1_50' title='bbox 797 1108 871 1176; x_wconf 88' lang='lat' dir='ltr'>finis</span> <span class='ocrx_word' id='word_1_51' title='bbox 892 1132 984 1178; x_wconf 87' lang='lat' dir='ltr'>arnor</span> <span class='ocrx_word' id='word_1_52' title='bbox 1005 1134 1012 1176; x_wconf 75' lang='grc' dir='ltr'><strong><em>ε</em></strong></span> <span class='ocrx_word' id='word_1_53' title='bbox 1035 1132 1091 1197; x_wconf 87' lang='lat' dir='ltr'>per</span> <span class='ocrx_word' id='word_1_54' title='bbox 1112 1132 1148 1177; x_wconf 91' lang='lat' dir='ltr'>se</span> <span class='ocrx_word' id='word_1_55' title='bbox 1174 1128 1252 1193; x_wconf 85' lang='lat' dir='ltr'>stat,</span> 
     </span>
     <span class='ocr_line' id='line_1_8' title="bbox 134 1221 1255 1312; baseline 0.004 -24"><span class='ocrx_word' id='word_1_56' title='bbox 134 1243 193 1289; x_wconf 90' lang='lat' dir='ltr'>nec</span> <span class='ocrx_word' id='word_1_57' title='bbox 208 1221 306 1291; x_wconf 84' lang='lat' dir='ltr'>ullam</span> <span class='ocrx_word' id='word_1_58' title='bbox 325 1224 456 1312; x_wconf 90' lang='lat' dir='ltr'>requirit</span> <span class='ocrx_word' id='word_1_59' title='bbox 481 1222 675 1292; x_wconf 87' lang='lat' dir='ltr'>mercedem.</span> <span class='ocrx_word' id='word_1_60' title='bbox 697 1225 802 1291; x_wconf 85' lang='lat' dir='ltr'>Amor</span> <span class='ocrx_word' id='word_1_61' title='bbox 825 1225 965 1312; x_wconf 91' lang='lat' dir='ltr'>pretium</span> <span class='ocrx_word' id='word_1_62' title='bbox 987 1225 1036 1291; x_wconf 90' lang='lat' dir='ltr'>sui</span> <span class='ocrx_word' id='word_1_63' title='bbox 1062 1242 1121 1291; x_wconf 91' lang='lat' dir='ltr'>est.</span> <span class='ocrx_word' id='word_1_64' title='bbox 1146 1225 1255 1292; x_wconf 90' lang='lat' dir='ltr'>Pessi-</span> 
     </span>
     <span class='ocr_line' id='line_1_9' title="bbox 136 1335 1255 1425; baseline 0.002 -22"><span class='ocrx_word' id='word_1_65' title='bbox 136 1358 224 1403; x_wconf 83' lang='lat' dir='ltr'>mam</span> <span class='ocrx_word' id='word_1_66' title='bbox 251 1336 307 1405; x_wconf 92' lang='lat' dir='ltr'>tibi</span> <span class='ocrx_word' id='word_1_67' title='bbox 331 1338 466 1425; x_wconf 87' lang='lat' dir='ltr'>gratiam</span> <span class='ocrx_word' id='word_1_68' title='bbox 490 1336 622 1406; x_wconf 87' lang='lat' dir='ltr'>domina</span> <span class='ocrx_word' id='word_1_69' title='bbox 649 1336 780 1405; x_wconf 85' lang='lat' dir='ltr'>retulit?</span> <span class='ocrx_word' id='word_1_70' title='bbox 811 1335 902 1414; x_wconf 88' lang='lat' dir='ltr'>Quid</span> <span class='ocrx_word' id='word_1_71' title='bbox 929 1356 984 1406; x_wconf 89' lang='lat' dir='ltr'>tua</span> <span class='ocrx_word' id='word_1_72' title='bbox 1013 1336 1133 1405; x_wconf 85' lang='lat' dir='ltr'>refert?</span> <span class='ocrx_word' id='word_1_73' title='bbox 1168 1337 1255 1407; x_wconf 90' lang='lat' dir='ltr'>Satis</span> 
     </span>
     <span class='ocr_line' id='line_1_10' title="bbox 134 1448 1257 1540; baseline 0.004 -24"><span class='ocrx_word' id='word_1_74' title='bbox 134 1448 307 1540; x_wconf 84' lang='lat' dir='ltr'>proiecisti,</span> <span class='ocrx_word' id='word_1_75' title='bbox 323 1449 452 1540; x_wconf 88' lang='lat' dir='ltr'>quando</span> <span class='ocrx_word' id='word_1_76' title='bbox 479 1449 708 1519; x_wconf 88' lang='lat' dir='ltr'>nobillissimae</span> <span class='ocrx_word' id='word_1_77' title='bbox 725 1452 837 1518; x_wconf 85' lang='lat' dir='ltr'>militis</span> <span class='ocrx_word' id='word_1_78' title='bbox 857 1471 888 1519; x_wconf 92' lang='lat' dir='ltr'>et</span> <span class='ocrx_word' id='word_1_79' title='bbox 912 1451 995 1520; x_wconf 85' lang='lat' dir='ltr'>Galli</span> <span class='ocrx_word' id='word_1_80' title='bbox 1007 1448 1109 1533; x_wconf 89' lang='lat' dir='ltr'>dotes,</span> <span class='ocrx_word' id='word_1_81' title='bbox 1129 1450 1257 1520; x_wconf 90' lang='lat' dir='ltr'>scilicet</span> 
     </span>
     <span class='ocr_line' id='line_1_11' title="bbox 134 1562 1112 1653; baseline -0.001 -20"><span class='ocrx_word' id='word_1_82' title='bbox 134 1562 226 1643; x_wconf 88' lang='lat' dir='ltr'>fides,</span> <span class='ocrx_word' id='word_1_83' title='bbox 238 1562 403 1647; x_wconf 85' lang='lat' dir='ltr'>ionitudo‚</span> <span class='ocrx_word' id='word_1_84' title='bbox 424 1566 617 1653; x_wconf 80' lang='lat' dir='ltr'>ingenuitas,</span> <span class='ocrx_word' id='word_1_85' title='bbox 636 1567 667 1632; x_wconf 92' lang='lat' dir='ltr'>in</span> <span class='ocrx_word' id='word_1_86' title='bbox 685 1584 813 1653; x_wconf 88' lang='lat' dir='ltr'>pectore</span> <span class='ocrx_word' id='word_1_87' title='bbox 826 1585 884 1633; x_wconf 90' lang='lat' dir='ltr'>tuo</span> <span class='ocrx_word' id='word_1_88' title='bbox 904 1564 1073 1635; x_wconf 87' lang='lat' dir='ltr'>adolevere</span> <span class='ocrx_word' id='word_1_89' title='bbox 1085 1578 1112 1632; x_wconf 79' lang='lat'>⁴.</span> 
     </span>
    </p>

    <p class='ocr_par' dir='ltr' id='par_1_3' title="bbox 134 1677 1257 1998">
     <span class='ocr_line' id='line_1_12' title="bbox 178 1677 1257 1769; baseline 0.001 -22"><span class='ocrx_word' id='word_1_90' title='bbox 178 1678 211 1747; x_wconf 90' lang='lat' dir='ltr'>Si</span> <span class='ocrx_word' id='word_1_91' title='bbox 227 1677 360 1768; x_wconf 91' lang='lat' dir='ltr'>quidem</span> <span class='ocrx_word' id='word_1_92' title='bbox 373 1702 463 1747; x_wconf 88' lang='lat' dir='ltr'>amor</span> <span class='ocrx_word' id='word_1_93' title='bbox 481 1680 705 1748; x_wconf 84' lang='lat' dir='ltr'>exercitatione</span> <span class='ocrx_word' id='word_1_94' title='bbox 720 1682 846 1748; x_wconf 89' lang='lat' dir='ltr'>virtutis</span> <span class='ocrx_word' id='word_1_95' title='bbox 866 1697 1083 1768; x_wconf 86' lang='lat' dir='ltr'>comparatur,</span> <span class='ocrx_word' id='word_1_96' title='bbox 1101 1682 1257 1769; x_wconf 89' lang='lat' dir='ltr'>sequitur</span> 
     </span>
     <span class='ocr_line' id='line_1_13' title="bbox 134 1791 1257 1884; baseline 0.003 -23"><span class='ocrx_word' id='word_1_97' title='bbox 134 1810 170 1861; x_wconf 93' lang='lat' dir='ltr'>ut</span> <span class='ocrx_word' id='word_1_98' title='bbox 184 1816 250 1861; x_wconf 92' lang='lat' dir='ltr'>non</span> <span class='ocrx_word' id='word_1_99' title='bbox 264 1795 305 1861; x_wconf 89' lang='lat' dir='ltr'>sir</span> <span class='ocrx_word' id='word_1_100' title='bbox 325 1815 388 1861; x_wconf 86' lang='lat' dir='ltr'>una</span> <span class='ocrx_word' id='word_1_101' title='bbox 409 1791 460 1861; x_wconf 93' lang='lat' dir='ltr'>die</span> <span class='ocrx_word' id='word_1_102' title='bbox 480 1793 644 1883; x_wconf 85' lang='lat' dir='ltr'>parabilis;</span> <span class='ocrx_word' id='word_1_103' title='bbox 669 1794 921 1884; x_wconf 87' lang='lat' dir='ltr'>exspectandum</span> <span class='ocrx_word' id='word_1_104' title='bbox 946 1797 1033 1862; x_wconf 90' lang='lat' dir='ltr'>enim</span> <span class='ocrx_word' id='word_1_105' title='bbox 1058 1793 1164 1863; x_wconf 92' lang='lat' dir='ltr'>donec</span> <span class='ocrx_word' id='word_1_106' title='bbox 1191 1794 1257 1864; x_wconf 87' lang='lat' dir='ltr'>do-</span> 
     </span>
     <span class='ocr_line' id='line_1_14' title="bbox 134 1907 1257 1998; baseline 0.003 -23"><span class='ocrx_word' id='word_1_107' title='bbox 134 1910 224 1976; x_wconf 90' lang='lat' dir='ltr'>mina</span> <span class='ocrx_word' id='word_1_108' title='bbox 249 1932 308 1976; x_wconf 89' lang='lat' dir='ltr'>usu</span> <span class='ocrx_word' id='word_1_109' title='bbox 331 1909 496 1996; x_wconf 89' lang='lat' dir='ltr'>cognitum</span> <span class='ocrx_word' id='word_1_110' title='bbox 525 1907 637 1977; x_wconf 87' lang='lat' dir='ltr'>habeat</span> <span class='ocrx_word' id='word_1_111' title='bbox 661 1911 772 1998; x_wconf 85' lang='lat' dir='ltr'>quanti</span> <span class='ocrx_word' id='word_1_112' title='bbox 796 1909 941 1977; x_wconf 64' lang='lat' dir='ltr'>valeasr.</span> <span class='ocrx_word' id='word_1_113' title='bbox 973 1911 1088 1997; x_wconf 86' lang='lat' dir='ltr'>Longo</span> <span class='ocrx_word' id='word_1_114' title='bbox 1113 1908 1257 1978; x_wconf 84' lang='lat' dir='ltr'>fortasse</span> 
     </span>
    </p>
   </div>
   <div class='ocr_carea' id='block_1_3' title="bbox 173 2073 430 2130">
    <p class='ocr_par' dir='ltr' id='par_1_4' title="bbox 173 2073 430 2130">
     <span class='ocr_line' id='line_1_15' title="bbox 173 2073 430 2130; baseline 0.004 -1"><span class='ocrx_word' id='word_1_115' title='bbox 173 2091 196 2130; x_wconf 90' lang='lat'>1.</span> <span class='ocrx_word' id='word_1_116' title='bbox 216 2074 293 2129; x_wconf 82' lang='lat' dir='ltr'>Arcb.</span> <span class='ocrx_word' id='word_1_117' title='bbox 310 2073 430 2130; x_wconf 88' lang='lat' dir='ltr'><strong>CLXVI.</strong></span> 
     </span>
    </p>
   </div>
   <div class='ocr_carea' id='block_1_4' title="bbox 170 2170 958 2489">
    <p class='ocr_par' dir='ltr' id='par_1_5' title="bbox 170 2170 958 2489">
     <span class='ocr_line' id='line_1_16' title="bbox 170 2170 924 2242; baseline 0.001 -19"><span class='ocrx_word' id='word_1_118' title='bbox 170 2185 195 2224; x_wconf 88' lang='lat'>2.</span> <span class='ocrx_word' id='word_1_119' title='bbox 347 2170 417 2225; x_wconf 87' lang='lat' dir='ltr'>Ainc</span> <span class='ocrx_word' id='word_1_120' title='bbox 428 2170 570 2225; x_wconf 87' lang='lat' dir='ltr'>chevaliers</span> <span class='ocrx_word' id='word_1_121' title='bbox 580 2170 656 2224; x_wconf 87' lang='lat' dir='ltr'>n&#39;iert</span> <span class='ocrx_word' id='word_1_122' title='bbox 668 2172 694 2241; x_wconf 84' lang='lat' dir='ltr'>ja</span> <span class='ocrx_word' id='word_1_123' title='bbox 704 2170 737 2224; x_wconf 88' lang='lat' dir='ltr'>de</span> <span class='ocrx_word' id='word_1_124' title='bbox 750 2182 828 2242; x_wconf 85' lang='lat' dir='ltr'>grant</span> <span class='ocrx_word' id='word_1_125' title='bbox 839 2188 924 2225; x_wconf 88' lang='lat' dir='ltr'>renon</span> 
     </span>
     <span class='ocr_line' id='line_1_17' title="bbox 345 2253 909 2327; baseline 0.002 -20"><span class='ocrx_word' id='word_1_126' title='bbox 345 2253 411 2308; x_wconf 86' lang='lat' dir='ltr'>Sans</span> <span class='ocrx_word' id='word_1_127' title='bbox 426 2255 495 2309; x_wconf 91' lang='lat' dir='ltr'>bone</span> <span class='ocrx_word' id='word_1_128' title='bbox 504 2271 599 2308; x_wconf 91' lang='lat' dir='ltr'>amour</span> <span class='ocrx_word' id='word_1_129' title='bbox 610 2271 642 2309; x_wconf 90' lang='lat' dir='ltr'>ne</span> <span class='ocrx_word' id='word_1_130' title='bbox 656 2272 717 2309; x_wconf 84' lang='lat' dir='ltr'>sans</span> <span class='ocrx_word' id='word_1_131' title='bbox 731 2272 759 2310; x_wconf 84' lang='lat' dir='ltr'>sa</span> <span class='ocrx_word' id='word_1_132' title='bbox 773 2255 888 2327; x_wconf 86' lang='lat' dir='ltr'>signorie</span> <span class='ocrx_word' id='word_1_133' title='bbox 903 2273 909 2307; x_wconf 77' lang='grc' dir='ltr'><strong><em>ε</em></strong></span> 
     </span>
     <span class='ocr_line' id='line_1_18' title="bbox 345 2337 958 2410; baseline -0.002 -17"><span class='ocrx_word' id='word_1_134' title='bbox 345 2337 385 2393; x_wconf 90' lang='lat' dir='ltr'>Ne</span> <span class='ocrx_word' id='word_1_135' title='bbox 400 2338 461 2392; x_wconf 87' lang='lat' dir='ltr'>nuls</span> <span class='ocrx_word' id='word_1_136' title='bbox 472 2355 532 2393; x_wconf 86' lang='lat' dir='ltr'>sans</span> <span class='ocrx_word' id='word_1_137' title='bbox 546 2338 564 2391; x_wconf 95' lang='lat' dir='ltr'>li</span> <span class='ocrx_word' id='word_1_138' title='bbox 576 2356 610 2393; x_wconf 88' lang='lat' dir='ltr'>ne</span> <span class='ocrx_word' id='word_1_139' title='bbox 621 2351 683 2410; x_wconf 88' lang='lat' dir='ltr'>puet</span> <span class='ocrx_word' id='word_1_140' title='bbox 697 2352 764 2393; x_wconf 88' lang='lat' dir='ltr'>estre</span> <span class='ocrx_word' id='word_1_141' title='bbox 772 2339 907 2410; x_wconf 91' lang='lat' dir='ltr'>proudons</span> <span class='ocrx_word' id='word_1_142' title='bbox 916 2357 958 2404; x_wconf 92' lang='lat'>;...</span> 
     </span>
     <span class='ocr_line' id='line_1_19' title="bbox 347 2422 916 2489; baseline 0.005 -13"><span class='ocrx_word' id='word_1_143' title='bbox 347 2422 485 2488; x_wconf 88' lang='lat' dir='ltr'>Prouesse,</span> <span class='ocrx_word' id='word_1_144' title='bbox 501 2423 611 2489; x_wconf 77' lang='lat' dir='ltr'>honam,</span> <span class='ocrx_word' id='word_1_145' title='bbox 628 2423 699 2478; x_wconf 86' lang='lat' dir='ltr'>solaz</span> <span class='ocrx_word' id='word_1_146' title='bbox 710 2425 783 2478; x_wconf 89' lang='lat' dir='ltr'>vient</span> <span class='ocrx_word' id='word_1_147' title='bbox 798 2422 830 2476; x_wconf 93' lang='lat' dir='ltr'>de</span> <span class='ocrx_word' id='word_1_148' title='bbox 842 2423 916 2479; x_wconf 83' lang='lat' dir='ltr'>s’a&#39;r&#39;e.</span> 
     </span>
    </p>
   </div>
   <div class='ocr_carea' id='block_1_5' title="bbox 579 2505 1201 2579">
    <p class='ocr_par' dir='ltr' id='par_1_6' title="bbox 579 2505 1201 2579">
     <span class='ocr_line' id='line_1_20' title="bbox 579 2505 1201 2579; baseline -0.002 -20"><span class='ocrx_word' id='word_1_149' title='bbox 579 2505 747 2579; x_wconf 85' lang='lat' dir='ltr'>(Radulphus</span> <span class='ocrx_word' id='word_1_150' title='bbox 762 2507 968 2574; x_wconf 84' lang='lat' dir='ltr'>Suessioneusis,</span> <span class='ocrx_word' id='word_1_151' title='bbox 984 2506 1073 2572; x_wconf 75' lang='lat' dir='ltr'>Arria,</span> <span class='ocrx_word' id='word_1_152' title='bbox 1086 2505 1201 2576; x_wconf 88' lang='lat' dir='ltr'><strong>LXVI.)</strong></span> 
     </span>
    </p>
   </div>
   <div class='ocr_carea' id='block_1_6' title="bbox 345 2603 897 2744">
    <p class='ocr_par' dir='ltr' id='par_1_7' title="bbox 345 2603 897 2744">
     <span class='ocr_line' id='line_1_21' title="bbox 345 2603 897 2671; baseline 0.002 -13"><span class='ocrx_word' id='word_1_153' title='bbox 345 2604 387 2658; x_wconf 93' lang='lat' dir='ltr'>De</span> <span class='ocrx_word' id='word_1_154' title='bbox 399 2603 452 2657; x_wconf 87' lang='lat' dir='ltr'>fine</span> <span class='ocrx_word' id='word_1_155' title='bbox 466 2619 561 2657; x_wconf 88' lang='lat' dir='ltr'>amour</span> <span class='ocrx_word' id='word_1_156' title='bbox 574 2605 645 2659; x_wconf 90' lang='lat' dir='ltr'>vient</span> <span class='ocrx_word' id='word_1_157' title='bbox 661 2621 753 2660; x_wconf 87' lang='lat' dir='ltr'>seance</span> <span class='ocrx_word' id='word_1_158' title='bbox 765 2617 791 2660; x_wconf 89' lang='lat' dir='ltr'>et</span> <span class='ocrx_word' id='word_1_159' title='bbox 805 2605 897 2671; x_wconf 73' lang='lat' dir='ltr'>bontd,</span> 
     </span>
     <span class='ocr_line' id='line_1_22' title="bbox 346 2688 879 2744; baseline 0.002 -2"><span class='ocrx_word' id='word_1_160' title='bbox 346 2689 379 2742; x_wconf 90' lang='lat' dir='ltr'>Et</span> <span class='ocrx_word' id='word_1_161' title='bbox 391 2703 499 2742; x_wconf 88' lang='lat' dir='ltr'>amours</span> <span class='ocrx_word' id='word_1_162' title='bbox 507 2688 580 2742; x_wconf 89' lang='lat' dir='ltr'>vient</span> <span class='ocrx_word' id='word_1_163' title='bbox 594 2688 627 2742; x_wconf 91' lang='lat' dir='ltr'>de</span> <span class='ocrx_word' id='word_1_164' title='bbox 638 2705 681 2742; x_wconf 90' lang='lat' dir='ltr'>ces</span> <span class='ocrx_word' id='word_1_165' title='bbox 696 2689 760 2744; x_wconf 87' lang='lat' dir='ltr'>deus</span> <span class='ocrx_word' id='word_1_166' title='bbox 774 2691 879 2744; x_wconf 85' lang='lat' dir='ltr'>autresi:</span> 
     </span>
    </p>
   </div>
   <div class='ocr_carea' id='block_1_7' title="bbox 347 2770 899 2845">
    <p class='ocr_par' dir='ltr' id='par_1_8' title="bbox 347 2770 899 2845">
     <span class='ocr_line' id='line_1_23' title="bbox 347 2770 899 2845; baseline 0.004 -19"><span class='ocrx_word' id='word_1_167' title='bbox 347 2770 411 2826; x_wconf 92' lang='lat' dir='ltr'>Tuit</span> <span class='ocrx_word' id='word_1_168' title='bbox 425 2771 477 2826; x_wconf 91' lang='lat' dir='ltr'>troi</span> <span class='ocrx_word' id='word_1_169' title='bbox 489 2783 551 2826; x_wconf 89' lang='lat' dir='ltr'>sont</span> <span class='ocrx_word' id='word_1_170' title='bbox 566 2789 613 2841; x_wconf 88' lang='lat' dir='ltr'>un,</span> <span class='ocrx_word' id='word_1_171' title='bbox 628 2772 674 2844; x_wconf 90' lang='lat' dir='ltr'>qui</span> <span class='ocrx_word' id='word_1_172' title='bbox 686 2773 747 2828; x_wconf 91' lang='lat' dir='ltr'>bien</span> <span class='ocrx_word' id='word_1_173' title='bbox 760 2774 794 2827; x_wconf 87' lang='lat' dir='ltr'>ia</span> <span class='ocrx_word' id='word_1_174' title='bbox 808 2776 899 2845; x_wconf 76' lang='lat' dir='ltr'>pense.</span> 
     </span>
    </p>
   </div>
   <div class='ocr_carea' id='block_1_8' title="bbox 359 2841 1200 2984">
    <p class='ocr_par' dir='ltr' id='par_1_9' title="bbox 359 2841 1200 2984">
     <span class='ocr_line' id='line_1_24' title="bbox 993 2841 1200 2913; baseline -0.005 -17"><span class='ocrx_word' id='word_1_175' title='bbox 993 2842 1043 2913; x_wconf 89' lang='lat' dir='ltr'>(H.</span> <span class='ocrx_word' id='word_1_176' title='bbox 1057 2841 1104 2909; x_wconf 88' lang='lat' dir='ltr'>L.,</span> <span class='ocrx_word' id='word_1_177' title='bbox 1120 2842 1200 2911; x_wconf 90' lang='lat'><em>781.)</em></span> 
     </span>
     <span class='ocr_line' id='line_1_25' title="bbox 359 2910 690 2984; baseline 0.012 -20"><span class='ocrx_word' id='word_1_178' title='bbox 359 2910 417 2965; x_wconf 88' lang='lat' dir='ltr'>Nus</span> <span class='ocrx_word' id='word_1_179' title='bbox 429 2929 463 2966; x_wconf 89' lang='lat' dir='ltr'>ne</span> <span class='ocrx_word' id='word_1_180' title='bbox 478 2926 541 2984; x_wconf 89' lang='lat' dir='ltr'>puet</span> <span class='ocrx_word' id='word_1_181' title='bbox 554 2912 617 2967; x_wconf 80' lang='lat' dir='ltr'>faire</span> <span class='ocrx_word' id='word_1_182' title='bbox 627 2913 690 2968; x_wconf 88' lang='lat' dir='ltr'>folie</span> 
     </span>
    </p>
   </div>
   <div class='ocr_carea' id='block_1_9' title="bbox 176 2995 1200 3990">
    <p class='ocr_par' dir='ltr' id='par_1_10' title="bbox 347 2995 740 3064">
     <span class='ocr_line' id='line_1_26' title="bbox 347 2995 740 3064; baseline 0.008 -16"><span class='ocrx_word' id='word_1_183' title='bbox 347 2995 388 3049; x_wconf 89' lang='lat' dir='ltr'>En</span> <span class='ocrx_word' id='word_1_184' title='bbox 402 2996 471 3049; x_wconf 92' lang='lat' dir='ltr'>bone</span> <span class='ocrx_word' id='word_1_185' title='bbox 485 3013 573 3051; x_wconf 87' lang='lat' dir='ltr'>amors</span> <span class='ocrx_word' id='word_1_186' title='bbox 584 2998 740 3064; x_wconf 90' lang='lat' dir='ltr'>maintenir;</span> 
     </span>
    </p>

    <p class='ocr_par' dir='ltr' id='par_1_11' title="bbox 348 3079 774 3152">
     <span class='ocr_line' id='line_1_27' title="bbox 348 3079 774 3152; baseline -0.002 -16"><span class='ocrx_word' id='word_1_187' title='bbox 348 3080 411 3145; x_wconf 84' lang='lat' dir='ltr'>Car,</span> <span class='ocrx_word' id='word_1_188' title='bbox 425 3079 483 3135; x_wconf 90' lang='lat' dir='ltr'>s’on</span> <span class='ocrx_word' id='word_1_189' title='bbox 495 3098 529 3135; x_wconf 89' lang='lat' dir='ltr'>ne</span> <span class='ocrx_word' id='word_1_190' title='bbox 544 3082 681 3152; x_wconf 87' lang='lat' dir='ltr'>conquiert</span> <span class='ocrx_word' id='word_1_191' title='bbox 695 3083 774 3147; x_wconf 90' lang='lat' dir='ltr'>amie,</span> 
     </span>
    </p>

    <p class='ocr_par' dir='ltr' id='par_1_12' title="bbox 349 3163 669 3220">
     <span class='ocr_line' id='line_1_28' title="bbox 349 3163 669 3220; baseline -0.003 -1"><span class='ocrx_word' id='word_1_192' title='bbox 349 3165 377 3219; x_wconf 88' lang='lat' dir='ltr'>Si</span> <span class='ocrx_word' id='word_1_193' title='bbox 390 3163 437 3220; x_wconf 83' lang='lat' dir='ltr'>fait</span> <span class='ocrx_word' id='word_1_194' title='bbox 451 3164 549 3219; x_wconf 86' lang='lat' dir='ltr'>Amors</span> <span class='ocrx_word' id='word_1_195' title='bbox 558 3165 669 3220; x_wconf 90' lang='lat' dir='ltr'>devenir</span> 
     </span>
    </p>

    <p class='ocr_par' dir='ltr' id='par_1_13' title="bbox 348 3248 686 3315">
     <span class='ocr_line' id='line_1_29' title="bbox 348 3248 686 3315; baseline -0.003 -14"><span class='ocrx_word' id='word_1_196' title='bbox 348 3248 386 3302; x_wconf 90' lang='lat' dir='ltr'>Le</span> <span class='ocrx_word' id='word_1_197' title='bbox 398 3264 460 3302; x_wconf 88' lang='lat' dir='ltr'>cuer</span> <span class='ocrx_word' id='word_1_198' title='bbox 471 3249 578 3315; x_wconf 88' lang='lat' dir='ltr'>cortois,</span> <span class='ocrx_word' id='word_1_199' title='bbox 590 3261 616 3303; x_wconf 89' lang='lat' dir='ltr'>et</span> <span class='ocrx_word' id='word_1_200' title='bbox 628 3249 686 3302; x_wconf 73' lang='lat' dir='ltr'>hair</span> 
     </span>
    </p>

    <p class='ocr_par' dir='ltr' id='par_1_14' title="bbox 349 3330 683 3398">
     <span class='ocr_line' id='line_1_30' title="bbox 349 3330 683 3398; baseline -0.003 -12"><span class='ocrx_word' id='word_1_201' title='bbox 349 3332 466 3398; x_wconf 91' lang='lat' dir='ltr'>Vilenie,</span> <span class='ocrx_word' id='word_1_202' title='bbox 477 3349 538 3386; x_wconf 84' lang='lat' dir='ltr'>sanz</span> <span class='ocrx_word' id='word_1_203' title='bbox 552 3330 683 3385; x_wconf 86' lang='lat' dir='ltr'>faillance.</span> 
     </span>
    </p>

    <p class='ocr_par' dir='ltr' id='par_1_15' title="bbox 349 3415 648 3482">
     <span class='ocr_line' id='line_1_31' title="bbox 349 3415 648 3482; baseline -0.01 -11"><span class='ocrx_word' id='word_1_204' title='bbox 349 3417 412 3471; x_wconf 89' lang='lat' dir='ltr'>Puis</span> <span class='ocrx_word' id='word_1_205' title='bbox 424 3415 485 3471; x_wconf 90' lang='lat' dir='ltr'>c’on</span> <span class='ocrx_word' id='word_1_206' title='bbox 494 3433 528 3470; x_wconf 92' lang='lat' dir='ltr'>en</span> <span class='ocrx_word' id='word_1_207' title='bbox 541 3431 648 3482; x_wconf 85' lang='lat' dir='ltr'>avance,</span> 
     </span>
    </p>

    <p class='ocr_par' dir='ltr' id='par_1_16' title="bbox 348 3498 700 3570">
     <span class='ocr_line' id='line_1_32' title="bbox 348 3498 700 3570; baseline 0 -15"><span class='ocrx_word' id='word_1_208' title='bbox 348 3499 408 3556; x_wconf 91' lang='lat' dir='ltr'>Nus</span> <span class='ocrx_word' id='word_1_209' title='bbox 423 3517 456 3555; x_wconf 92' lang='lat' dir='ltr'>ne</span> <span class='ocrx_word' id='word_1_210' title='bbox 470 3499 526 3554; x_wconf 88' lang='lat' dir='ltr'>s&#39;en</span> <span class='ocrx_word' id='word_1_211' title='bbox 541 3499 597 3553; x_wconf 94' lang='lat' dir='ltr'>doit</span> <span class='ocrx_word' id='word_1_212' title='bbox 611 3498 700 3570; x_wconf 85' lang='lat' dir='ltr'>partir.</span> 
     </span>
    </p>

    <p class='ocr_par' dir='ltr' id='par_1_17' title="bbox 747 3565 1200 3640">
     <span class='ocr_line' id='line_1_33' title="bbox 747 3565 1200 3640; baseline -0.011 -16"><span class='ocrx_word' id='word_1_213' title='bbox 747 3568 952 3640; x_wconf 90' lang='lat' dir='ltr'>(Ghislebertus,</span> <span class='ocrx_word' id='word_1_214' title='bbox 965 3568 1079 3633; x_wconf 62' lang='lat' dir='ltr'>Scirum,</span> <span class='ocrx_word' id='word_1_215' title='bbox 1096 3584 1124 3638; x_wconf 90' lang='lat' dir='ltr'>p.</span> <span class='ocrx_word' id='word_1_216' title='bbox 1139 3565 1200 3636; x_wconf 91' lang='lat'>67.)</span> 
     </span>
    </p>

    <p class='ocr_par' dir='ltr' id='par_1_18' title="bbox 176 3667 776 3738">
     <span class='ocr_line' id='line_1_34' title="bbox 176 3667 776 3738; baseline -0.007 -15"><span class='ocrx_word' id='word_1_217' title='bbox 176 3683 201 3736; x_wconf 87' lang='lat'>5.</span> <span class='ocrx_word' id='word_1_218' title='bbox 372 3667 509 3723; x_wconf 88' lang='lat' dir='ltr'>Chascuns</span> <span class='ocrx_word' id='word_1_219' title='bbox 521 3667 566 3738; x_wconf 90' lang='lat' dir='ltr'>qui</span> <span class='ocrx_word' id='word_1_220' title='bbox 581 3684 596 3721; x_wconf 88' lang='lat' dir='ltr'>a</span> <span class='ocrx_word' id='word_1_221' title='bbox 609 3667 689 3721; x_wconf 85' lang='lat' dir='ltr'>viaire</span> <span class='ocrx_word' id='word_1_222' title='bbox 708 3667 776 3721; x_wconf 84' lang='lat' dir='ltr'>taint</span> 
     </span>
    </p>

    <p class='ocr_par' dir='ltr' id='par_1_19' title="bbox 368 3750 789 3822">
     <span class='ocr_line' id='line_1_35' title="bbox 368 3750 789 3822; baseline -0.005 -16"><span class='ocrx_word' id='word_1_223' title='bbox 368 3751 410 3806; x_wconf 90' lang='lat' dir='ltr'>Ne</span> <span class='ocrx_word' id='word_1_224' title='bbox 423 3752 469 3822; x_wconf 88' lang='lat' dir='ltr'>qui</span> <span class='ocrx_word' id='word_1_225' title='bbox 483 3751 562 3806; x_wconf 88' lang='lat' dir='ltr'>saroit</span> <span class='ocrx_word' id='word_1_226' title='bbox 574 3750 616 3804; x_wconf 93' lang='lat' dir='ltr'>bel</span> <span class='ocrx_word' id='word_1_227' title='bbox 630 3766 789 3805; x_wconf 86' lang='lat' dir='ltr'>sermonnet</span> 
     </span>
    </p>

    <p class='ocr_par' dir='ltr' id='par_1_20' title="bbox 367 3833 927 3906">
     <span class='ocr_line' id='line_1_36' title="bbox 367 3833 927 3906; baseline -0.004 -17"><span class='ocrx_word' id='word_1_228' title='bbox 367 3833 473 3889; x_wconf 84' lang='lat' dir='ltr'>N&#39;aime</span> <span class='ocrx_word' id='word_1_229' title='bbox 485 3850 539 3906; x_wconf 75' lang='lat' dir='ltr'>pue,</span> <span class='ocrx_word' id='word_1_230' title='bbox 553 3850 622 3906; x_wconf 89' lang='lat' dir='ltr'>pour</span> <span class='ocrx_word' id='word_1_231' title='bbox 633 3833 703 3887; x_wconf 91' lang='lat' dir='ltr'>chou</span> <span class='ocrx_word' id='word_1_232' title='bbox 717 3833 758 3887; x_wconf 85' lang='lat' dir='ltr'>s’il</span> <span class='ocrx_word' id='word_1_233' title='bbox 768 3849 795 3887; x_wconf 90' lang='lat' dir='ltr'>se</span> <span class='ocrx_word' id='word_1_234' title='bbox 809 3833 927 3905; x_wconf 85' lang='lat' dir='ltr'>plaint...</span> 
     </span>
    </p>

    <p class='ocr_par' dir='ltr' id='par_1_21' title="bbox 367 3916 963 3990">
     <span class='ocr_line' id='line_1_37' title="bbox 367 3916 963 3990; baseline -0.003 -17"><span class='ocrx_word' id='word_1_235' title='bbox 367 3919 439 3973; x_wconf 90' lang='lat' dir='ltr'>Pour</span> <span class='ocrx_word' id='word_1_236' title='bbox 448 3918 519 3972; x_wconf 92' lang='lat' dir='ltr'>chou</span> <span class='ocrx_word' id='word_1_237' title='bbox 529 3917 586 3971; x_wconf 91' lang='lat' dir='ltr'>doit</span> <span class='ocrx_word' id='word_1_238' title='bbox 597 3916 685 3985; x_wconf 85' lang='lat' dir='ltr'>dame,</span> <span class='ocrx_word' id='word_1_239' title='bbox 698 3919 754 3972; x_wconf 90' lang='lat' dir='ltr'>ains</span> <span class='ocrx_word' id='word_1_240' title='bbox 769 3917 855 3990; x_wconf 88' lang='lat' dir='ltr'>qu&#39;ele</span> <span class='ocrx_word' id='word_1_241' title='bbox 869 3917 963 3983; x_wconf 88' lang='lat' dir='ltr'>otroie,</span> 
     </span>
    </p>
   </div>
   <div class='ocr_carea' id='block_1_10' title="bbox 369 4003 1202 4141">
    <p class='ocr_par' dir='ltr' id='par_1_22' title="bbox 369 4003 1202 4141">
     <span class='ocr_line' id='line_1_38' title="bbox 369 4003 760 4074; baseline -0.003 -17"><span class='ocrx_word' id='word_1_242' title='bbox 369 4003 426 4057; x_wconf 88' lang='lat' dir='ltr'>Son</span> <span class='ocrx_word' id='word_1_243' title='bbox 439 4003 493 4057; x_wconf 87' lang='lat' dir='ltr'>ami</span> <span class='ocrx_word' id='word_1_244' title='bbox 502 4011 552 4074; x_wconf 80' lang='lat' dir='ltr'>par</span> <span class='ocrx_word' id='word_1_245' title='bbox 562 4018 632 4058; x_wconf 77' lang='lat' dir='ltr'>neure</span> <span class='ocrx_word' id='word_1_246' title='bbox 641 4010 760 4074; x_wconf 82' lang='lat' dir='ltr'>esprover.</span> 
     </span>
     <span class='ocr_line' id='line_1_39' title="bbox 920 4069 1202 4141; baseline -0.018 -16"><span class='ocrx_word' id='word_1_247' title='bbox 920 4070 1032 4141; x_wconf 83' lang='lat' dir='ltr'>(Adam,</span> <span class='ocrx_word' id='word_1_248' title='bbox 1046 4069 1082 4136; x_wconf 89' lang='lat' dir='ltr'>V,</span> <span class='ocrx_word' id='word_1_249' title='bbox 1096 4085 1123 4140; x_wconf 90' lang='lat' dir='ltr'>p.</span> <span class='ocrx_word' id='word_1_250' title='bbox 1140 4070 1202 4139; x_wconf 82' lang='lat'>23·)</span> 
     </span>
    </p>
   </div>
   <div class='ocr_carea' id='block_1_11' title="bbox 19 4372 278 4686">
    <p class='ocr_par' dir='ltr' id='par_1_23' title="bbox 19 4372 278 4686">
     <span class='ocr_line' id='line_1_40' title="bbox 19 4372 278 4686; baseline 0 0"><span class='ocrx_word' id='word_1_251' title='bbox 19 4372 278 4686; x_wconf 58' lang='lat' dir='ltr'>&#39;N</span> 
     </span>
    </p>
   </div>
   <div class='ocr_carea' id='block_1_12' title="bbox 0 0 1409 4980">
    <p class='ocr_par' dir='ltr' id='par_1_24' title="bbox 0 0 1409 4980">
     <span class='ocr_line' id='line_1_41' title="bbox 0 0 1409 4980; baseline 0 0"><span class='ocrx_word' id='word_1_252' title='bbox 0 0 1409 4980; x_wconf 95' lang='lat' dir='ltr'> </span> 
     </span>
    </p>
   </div>
  </div>
 </body>
</html>
